1780 3190
517 244 596 279 An
625 245 840 279 νοτ-ΥΒ.
873 248 925 279 Χ.
960 246 1025 291 17.
1360 236 1443 283 611

1471 319 1649 341 ῃ

183 343 300 402 Vors
325 357 389 402 14.
418 341 492 403 τῆν
507 343 638 389 αὐτων
658 340 824 390 εὔνοιαν.
881 349 1050 394 Poterat
1071 348 1307 407 {impliciter
1324 351 1444 397 intel-
1473 373 1567 412 γεῖς
1593 385 1646 418 14

93 418 171 475 ligi
200 419 508 461 benevolentiam
523 416 661 472 suam
717 419 769 467 Id
796 434 896 464 vero
923 434 1009 463 non
1025 422 1179 477 placuit
1210 437 1440 475 musmo,

91 490 185 535 haec
213 492 423 533 adnotanti
452 492 502 532 ad
531 491 604 534 ista
631 491 781 534 verbat
839 491 1000 544 „Forte
1026 489 1098 549 τήν
1123 490 1247 551 αὐτην
1274 489 1440 552 εὔνοιαν,

91 561 257 606 eandem
278 562 612 614 benevolentiam,
641 563 829 616 subaudi,
859 569 981 621 atque
997 564 1053 607 illi
1069 566 1245 621 opifices,
1276 569 1327 609 de
1349 569 1436 623 qui-

89 633 167 676 bus
188 635 310 689 paulo
329 640 424 676 ante
446 629 615 677 diffum.
673 635 809 682 Potest
839 642 979 678 tamen
1009 637 1134 679 etiam
1163 651 1249 680 non
1278 639 1436 681 incom-

87 706 213 748 mode
243 707 411 762 vulgata
444 707 543 749 ferri
575 705 620 749 δε
626 708 812 764 exponi.
849 705 875 763 ἦ
891 705 1020 750 αὐτῶν
1050 702 1181 751 εύνοιοι
1201 710 1282 752 erit
1299 716 1391 753 tum
1410 707 1436 765 ἦ

86 790 186 832 προς
215 771 358 826 αὖτοῦς
384 778 496 833 (scil.
522 773 635 828 τούς
638 774 884 837 Ῥωμαίους)
914 773 1081 823 εύνοιοιὲ
1131 801 1190 813 -κ
1255 780 1438 838 Collegit

86 849 238 890 deinde
260 848 427 901 fimilia,
459 863 556 893 cum
576 862 628 892 ex
646 850 843 906 Polybio,
879 859 969 895 tum
989 867 1040 894 ex
1061 854 1149 895 aliis
1168 852 1442 908 scriptoribus

86 919 288 976 exempla.
339 920 511 964 Scilicet
529 921 729 976 Polybius
748 921 805 965 X.
823 935 888 978 34,
909 938 940 967 ι.
960 939 1031 981 την
1052 941 1182 967 αυτ-ων
1204 922 1345 978 φιλίαν
1366 920 1441 980 noe}

84 989 221 1033 πίστιν
239 993 364 1044 dicit,
393 1007 470 1048 pro
491 989 544 1047 εἰς
562 987 716 1041 αὐτούς.
771 993 840 1037 Sic
857 996 910 1039 X.
930 1009 1001 1051 37,
1024 1009 1086 1040 ιο.
1102 998 1170 1053 τῆς
1191 994 1340 1044 εὐνοίας
1360 1012 1433 1052 τηε,-

82 1059 244 1106 ensium
263 1065 374 1106 idern
391 1065 450 1107 est
475 1079 523 1107 ac
550 1065 620 1121 τῆς
644 1061 741 1120 πρδς
762 1062 933 1115 ἐκείνους
954 1064 1116 1116 εὐνοίαις.
1174 1069 1229 1112 Χ.
1247 1080 1316 1123 40,
1336 1079 1378 1124 9.
1407 1065 1433 1124 ἦ

82 1135 155 1191 τῆς
173 1133 359 1191 πατρίδος
377 1134 510 1184 πίστις
530 1137 587 1180 est
602 1136 713 1195 fides
731 1151 834 1193 erga
848 1141 1048 1194 patriam.
1105 1139 1161 1183 X.
1183 1152 1252 1195 41,
1274 1152 1316 1195 4.
1338 1135 1432 1196 πρό-

82 1222 172 1250 νοια
187 1208 264 1249 τῶν
278 1206 480 1260 πολεμίων
496 1208 555 1252 est
572 1209 782 1263 diligentia
802 1210 843 1251 in
858 1205 1104 1265 providendo
1121 1210 1172 1256 ἔθ’
1190 1211 1432 1255 occurrendo

82 1278 248 1338 hostium
268 1279 430 1337 insidiis,
458 1279 617 1323 XVIII.
633 1285 748 1344 28‚9.
768 1278 840 1338 τήν
857 1283 935 1324 τῶν
950 1279 1150 1339 Ἑλλήνων
1169 1278 1353 1327 εὔκλειαν
1370 1284 1431 1327 est

80 1351 193 1394 idem
212 1359 336 1407 atque
356 1346 429 1410 τήν
447 1352 526 1393 τῶν
542 1348 744 1406 Ῥωμαίων
762 1350 874 1410 παραὶ
892 1354 970 1396 τῶν
985 1351 1184 1412 Ἑλλήνων
1204 1356 1297 1411 (vel
1315 1351 1430 1412 πικροὶ
1463 1356 1466 1357 ’

79 1424 163 1471 τοῖς
180 1414 400 1477 ‘'Em-nam)
418 1416 614 1467 εὔκλειαν.
669 1425 817 1482 Neque
838 1440 940 1469 vero
959 1441 1037 1470 nos
1056 1429 1222 1483 quidem
1240 1442 1337 1471 cum
1358 1442 1428 1470 eo-

78 1496 178 1539 dem
206 1494 381 1537 Reiskio
404 1495 487 1538 huc
516 1496 745 1540 referamus
771 1499 815 1541 id
842 1500 953 1554 quod
981 1500 1107 1556 vulgo
1128 1501 1236 1556 apud
1257 1497 1429 1545 Suidam

78 1580 133 1610 ex
150 1567 327 1623 Polybio
346 1568 519 1623 legitur,
545 1568 730 1624 (polybii
746 1568 910 1626 Fragm.
922 1569 1147 1614 Grammat.
1164 1585 1206 1614 n.
1217 1571 1289 1615 IX.
1309 1572 1363 1615 T.
1372 1571 1427 1617 V.

81 1652 123 1698 p.
136 1639 338 1693 Lxxvu.)
348 1635 445 1697 πρὸς
463 1634 696 1692 &aeoliam
713 1641 792 1684 τῶν
807 1640 1023 1695 πολεμίων,
1049 1641 1158 1698 quafi
1169 1643 1250 1686 hoc
1261 1642 1360 1686 esset
1360 1640 1428 1701 fi·-

82 1712 298 1756 caritatem
328 1710 381 1754 ab
410 1710 611 1768 hostibus.-
645 1727 742 1769 nam
757 1714 816 1756 ibi
834 1715 1102 1768 non'dubito,
1128 1712 1242 1758 τεξὶῑε
1262 1730 1286 1757 a
1304 1704 1428 1759 nohis

79 1778 236 1826 πόλεων
263 1782 344 1825 effe
373 1783 583 1840 scriptum.
618 1785 759 1839 (conf.
779 1787 937 1829 Adnot.
965 1786 1101 1829 nostra
1127 1787 1179 1829 ad
1203 1786 1233 1830 Ι.
1258 1796 1326 1842 75,
1351 1784 1441 1841 2.)

79 1855 161 1899 Sed
190 1855 325 1898 rursus
357 1857 464 1910 apud
490 1856 671 1923 Dionen}
704 1856 881 1902 Caflium
905 1872 945 1915 p.
971 1861 1038 1909 28,
1060 1862 1126 1912 58.
1151 1860 1217 1901 ed.
1242 1858 1432 1904 Reimari

82 1921 236 1970 advitam
257 1923 380 1969 αὐτοῦ
398 1927 456 1969 est
477 1928 588 1971 idem
606 1935 729 1985 atque
756 1923 910 1971 εὔνοιαν
935 1925 1032 1985 πρὸς
1048 1925 1190 1977 αὐτόν.
1244 1929 1302 1973 Et
1326 1929 1426 1973 ibid.

79 2013 121 2057 p.
148 2012 220 2055 31,
249 2011 319 2054 47.
357 1995 560 2053 Ευμενους
590 1997 803 2059 ἐπιβουλοᾴ
832 2002 922 2044 sunt
951 2002 1098 2061 izfidioe
1126 2003 1168 2045 in
1191 2001 1425 2044 Eumenem.

80 2072 207 2127 Apud
224 2071 456 2114 Diodorum
477 2072 559 2115 Sic.
579 2073 631 2115 T.
641 2074 693 2116 II.
708 2085 827 2130 p.92,
847 2086 914 2128 37.
933 2069 1082 2129 σπουδὴ
1099 2069 1255 2123 ἐκείνων
1275 2073 1333 2115 est
1337 2073 1426 2130 stu-

82 2141 194 2188 dium
222 2156 324 2199 erga
346 2157 424 2186 eos.
482 2143 636 2187 Confer
664 2145 896 2201 Taylorum
923 2147 974 2188 ad
1001 2144 1163 2200 Lyfiam
1182 2159 1222 2201 p.
1241 2154 1335 2200 239.
1357 2144 1424 2186 ed.

80 2214 182 2260 Reis
184 2215 224 2257 k.
245 2214 288 2258 &
308 2228 413 2271 quos
434 2215 674 2273 Weffeling.
702 2217 841 2260 laudat
870 2218 919 2259 ad
945 2217 1118 2259 Diodor.
1141 2215 1194 2259 T.
1211 2215 1244 2261 Ι.
1265 2229 1304 2271 p.
1323 2214 1430 2269 617,-

81 2298 150 2341 27.
172 2288 433 2330 Perizonium
463 2289 513 2331 ad
536 2275 700 2332 Aeliani
727 2286 1111 2343 Var.Hist.11.35.
1136 2286 1181 2331 &
1200 2286 1425 2330 Burmann

79 2359 305 2404 inPhaedr.
324 2360 394 2403 lib.
413 2359 469 2403 ΙΙ.
488 2365 529 2412 8,
549 2372 589 2403 2.

28 2424 32 2427 ’
159 2429 276 2488 Veis.
299 2430 366 2475 16.
392 2432 442 2474 In
461 2431 545 2474 fine
564 2431 662 2477 vers.
687 2445 702 2476 ι
712 2441 750 2486 5
775 2431 866 2487 post
893 2425 1131 2486 ἐλευθερίοις
1156 2429 1294 2475 minus
1320 2403 1423 2486 pun·
1437 2432 1549 2476 Vers.
1570 2433 1626 2476 16.

78 2500 193 2546 stum
215 2504 344 2559 vulgo
361 2512 542 2559 ponunt;
571 2504 661 2560 post
679 2499 865 2559 πρόνοιαν
895 2517 998 2546 vero
1026 2502 1170 2557 majus.
1227 2501 1425 2545 Reiskius

76 2574 165 2617 illie
185 2575 336 2630 majus,
366 2576 448 2618 huc
469 2578 606 2619 minus
628 2589 832 2631 reponere
848 2573 980 2630 juffit‚
1017 2580 1066 2616 ut
1093 2587 1203 2616 nova
1226 2573 1424 2628 periodus

76 2645 249 2701 incipiat
270 2647 318 2688 ab
342 2642 518 2706 ἦμιόλιον
540 2646 605 2696 δὲ,
638 2645 706 2689 sed
726 2648 778 2689 de
799 2646 945 2688 lacuna
971 2646 1029 2687 nil
1054 2645 1267 2700 cogitans,
1301 2646 1427 2691 verba

76 2716 287 2772 sequentia
307 2715 415 2771 μετοέ
432 2719 476 2761 δὲ
495 2734 626 2761 ταυτα
647 2718 730 2761 &c.
749 2713 825 2774 pro
850 2717 1014 2773 apodofi
1033 2717 1155 2771 hujus
1176 2717 1338 2771 periodi
1354 2716 1426 2758 ha·

75 2788 197 2838 buit,
222 2792 424 2846 particula
453 2791 496 2833 δὲ
529 2805 583 2834 ex
614 2791 735 2834 initio
763 2788 1000 2846 protaseos,
1033 2800 1108 2843 per
1130 2787 1426 2843 pleonasmum,

1 2876 6 2879 *
75 2858 269 2908 ufitatum
289 2862 492 2919 Polybio,
522 2860 716 2919 repetita.
769 2861 860 2904 Nos
890 2873 990 2904 vero
1017 2859 1246 2915 hujutmodi
1276 2860 1454 2916 repeti·

737 2931 779 2983 Q
797 2945 824 2989 q
855 2943 881 2974 2
1262 2930 1422 2974 tionem
1475 2930 1477 2933 ’
