1806 3262
289 200 292 203 ·
358 183 442 230 216
790 198 1276 233 annorarxouts

177 590 272 630 Vers.
291 601 324 639 3

179 807 274 847 Vers.
292 819 324 855 4.

182 2389 275 2429 vers
274 2420 282 2429 .
301 2399 332 2441 ς.

356 316 512 345 nomen
533 299 761 354 Lamban,
789 300 859 343 vel
879 298 1092 354 Labbana,
1122 302 1231 357 apud
1251 301 1527 353 Ptolemoeum
1545 302 1708 353 editur,
1690 312 1709 328 ·’

357 374 492 428 (cons.
505 374 652 416 Cellar.
670 387 710 430 p.
721 384 773 428 72
780 371 840 427 3.)
863 375 915 415 ad
937 375 1048 429 quod
1063 373 1196 429 ipsum
1214 373 1418 429 posterius
1437 387 1592 424 nomen
1610 388 1705 430 pro·

357 446 451 501 pius
481 447 607 489 etiam
623 447 785 489 accedit
804 443 961 500 Libba,
990 446 1102 501 quod
1121 445 1230 502 apud
1248 444 1394 504 Polyb.
1413 445 1502 494 h.1.
1522 445 1708 493 offerunt

357 516 455 561 Vat.
477 517 521 565 δι
541 519 653 562 Flor.

446 588 561 645 Vens.
573 603 612 646 3.
631 588 728 645 ποίᾳ
745 589 800 634 δὲἱ
816 584 1006 646 προάγειν
1024 585 1114 646 ὁδῷ·
1132 589 1226 632 edd.
1247 601 1342 637 cum
1359 588 1462 631 Bav.
1504 586 1579 651 ὁδῷ
1598 588 1708 637 abest

362 676 384 703 a
403 660 502 705 Vat.
522 664 632 706 Flor.
653 663 768 719 Aug.
786 662 956 718 Reg.A.
976 675 1030 703 ne
1050 660 1104 703 fic
1125 661 1293 716 quidem
1313 661 1435 707 male.
1487 683 1541 702 «ι-
1598 659 1708 711 [bid.

361 735 443 781 πῶς
465 730 532 790 καὶ
551 731 698 778 πόθεν.
756 735 979 790 Perperam
996 727 1063 789 καὶ
1082 733 1194 776 deest
1211 732 1354 776 iisdem
1372 734 1602 784 codicibUS‚

447 805 559 862 Veis.
581 819 621 862 4.
661 803 827 863 Ἑρμείᾳ
858 804 947 860 μέν.
1016 805 1239 860 Perper-am
1271 802 1388 861 Ἑρμ.
1419 804 1462 848 δὲ
1491 806 1605 862 Aug.
1649 825 1711 844 —Q

358 876 465 919 Ibid.
488 877 852 934 προβαλλομένους.
909 874 1239 934 προβαλομένους
1261 877 1355 920 Vat.
1412 878 1594 923 Temere
1615 892 1710 935 προ,
1774 909 1778 912 -

358 946 609 1004 βαλόμενος
636 954 700 995 ed.
726 965 760 999 ι,
817 973 875 991 -v-
932 952 1039 995 lbid.
1074 946 1140 1006 καὶ
1168 946 1238 992 τόν
1263 944 1403 1001 Λύκον
1429 945 1710 1011 ποταμόνριοᾷ

360 1017 429 1063 τὸ-,ι
459 1018 637 1079 Κάπρον.
670 1048 724 1059 -
784 1023 949 1076 „Passus
969 1025 1038 1065 hic
1060 1023 1117 1065 est
1136 1022 1305 1065 humani
1323 1023 1476 1079 aliquid
1496 1022 1711 1080 Polybius,

359 1101 406 1136 ut
432 1094 585 1149 Lycum
605 1096 648 1140 &
669 1095 848 1152 Caprum
877 1095 1128 1140 existimaret
1157 1097 1200 1137 in
1226 1096 1359 1150 ripam
1389 1093 1578 1151 Tigridis
1601 1097 1712 1138 occi-

361 1167 568 1209 dentalem
588 1170 820 1219 incurrere3
851 1169 922 1225 qui
941 1169 1023 1214 duo
1045 1167 1162 1209 fluvii
1179 1168 1221 1208 in
1244 1167 1461 1224 Tigridem
1485 1174 1639 1215 exeunt
1659 1167 1711 1213 ab

361 1238 451 1292 ejus
475 1248 590 1292 parte
609 1241 811 1284 orientali.
869 1238 952 1282 Sed
981 1252 1098 1280 error
1125 1239 1193 1283 hic
1213 1239 1276 1283 illi
1298 1254 1396 1283 cum
1417 1240 1508 1285 aliis
1537 1240 1711 1284 vetustis

364 1309 600 1353 aufioribus
618 1313 852 1361 communis
874 1311 945 1354 est.
988 1311 1120 1353 Miror
1143 1318 1307 1363 tamen,
1336 1311 1513 1368 Polybio
1535 1310 1713 1369 potuifl'e

362 1380 544 1437 imponi,
575 1386 645 1439 qui
669 1384 757 1426 suas
780 1385 1037 1426 narrationes
1057 1398 1107 1424 ex
1129 1385 1437 1431 commentariis
1459 1384 1580 1427 bonae
1598 1392 1714 1434 notae

360 1454 565 1509 excepiss'e
582 1458 785 1500 videtur.“
809 1469 1061 1503 nzisxtvs.
1086 1476 1145 1487 ——-
1204 1454 1341 1498 Poffet
1358 1463 1518 1508 tamen,
1549 1455 1579 1499 fi
1602 1469 1711 1514 opus

363 1525 482 1577 ess'et,
518 1529 685 1571 defendi
716 1528 881 1573 fortaffe
916 1527 1050 1573 cauffa
1085 1528 1265 1584 Polybii.
1334 1528 1427 1572 Nec
1454 1529 1568 1578 enirn
1599 1529 1713 1572 clare

361 1595 587 1653 fignificat,
627 1602 677 1644 ab
697 1601 946 1652 occidentali
971 1601 1162 1657 Tigridis
1179 1607 1294 1656 parte
1314 1599 1395 1643 effe
1418 1600 1512 1644 illos
1528 1601 1715 1650 fluvios}

363 1667 408 1712 ἃ
427 1674 582 1726 poterit
601 1674 804 1731 intelligi,
833 1674 915 1716 hoc
940 1674 1022 1717 dici
1044 1674 1093 1716 ab
1113 1673 1319 1723 Hermea,
1351 1665 1392 1714 fi‘
1399 1673 1441 1716 in
1463 1672 1714 1718 occidentali

363 1742 452 1796 ripa
482 1753 678 1800 pergeret
701 1746 940 1789 Antiochus
969 1759 1065 1789 curn
1095 1746 1285 1791 exercitu
1304 1776 1316 1796 ,
1363 1744 1523 1796 nullum
1553 1742 1633 1793 esse
1662 1744 1713 1793 ab

367 1814 520 1860 insidiis
547 1817 725 1861 hostium
752 1819 1006 1874 perIculum3
1043 1832 1129 1860 non
1157 1817 1286 1862 solum
1316 1817 1430 1860 enim
1458 1815 1626 1879 Tigrim
1653 1817 1715 1864 in-

365 1887 525 1939 teresse,
554 1889 619 1932 sed
633 1890 689 1940 δι,
715 1891 1011 1947 Ρι·ἰι1ί’ςυαωζεά
1024 1891 1194 1936 alteram
1203 1889 1390 1945 Tigridis
1404 1890 1536 1945 ripam
1555 1889 1714 1946 (proxi-

364 1959 445 2000 mis
475 1968 589 2004 certe
617 1963 796 2014 diebus)
830 1977 1052 2006 occurrere
1083 1961 1300 2014 Antiocho
1318 1961 1435 2005 Molo
1455 1959 1610 2018 poffet,
1638 1958 1717 2005 Ca-

359 2043 486 2086 prum
507 2035 633 2076 etiam
653 2033 697 2076 &
718 2033 872 2088 Lycum
887 2035 1068 2081 fluvium
1089 2033 1170 2076 effe
1196 2034 1237 2076 ei
1268 2034 1581 2089 trajiciendumz
1619 2046 1717 2076 nam

366 2104 428 2145 cis
454 2101 619 2161 Tigrim
647 2119 724 2166 per
753 2107 957 2150 desertum
986 2121 1038 2150 ex
1070 2106 1301 2162 Babylonia
1326 2105 1406 2149 esse
1434 2104 1717 2157 occursurum,

365 2188 444 2217 nec
464 2177 675 2231 probabile
699 2186 788 2220 erat
811 2179 896 2227 ullo
919 2181 1069 2229 modo,
1105 2191 1184 2222 nec
1198 2178 1482 2234 'periculosum
1505 2175 1717 2227 Antiocho

366 2255 456 2289 erat
473 2248 682 2302 futurum,
712 2251 910 2306 quoniam
931 2249 1085 2294 insidiis
1106 2251 1313 2296 desertum
1332 2249 1492 2294 nullum
1511 2249 1719 2306 praeberet
1759 2282 1765 2290 .

366 2317 517 2364 locum.

454 2391 568 2447 Veffi
591 2405 629 2448 5.
658 2390 731 2452 γῆν
753 2395 824 2442 τοῦ
844 2391 1089 2445 Ἐπιγένους,
1149 2394 1220 2441 τοῦ
1236 2394 1350 2437 deest
1367 2392 1462 2439 Vat.
1481 2394 1591 2443 Flor,
1605 2392 1718 2450 Aug.

364 2462 469 2519 ΗΕΒ·
487 2464 544 2514 A,
603 2486 662 2498 ·-
726 2466 834 2516 Ibid.
867 2460 1078 2525 προδήλου,
1149 2461 1370 2523 προεδήλου
1403 2466 1517 2530 Aug,
1546 2465 1720 2521 Reg.A.

345 2535 487 2586 *male

179 2606 275 2652 vers.
298 2609 333 2651 ⁶

457 2606 573 2671 Vers
592 2609 634 2657 6
673 2606 818 2662 o‘oo'w‘
789 2626 946 2669 ερημον.
982 2631 1043 2646 --
1097 2609 1245 2662 „Vide
1283 2608 1718 2658 Rauchwolf.1tiner.

364 2677 511 2735 11·9“
535 2695 704 2727 RmSK.
735 2707 789 2724 q·-
827 2683 934 2729 Ibid.
954 2678 1026 2739 τῆν
1045 2678 1259 2739 βασιλικήυ
1280 2678 1471 2739 διωρυχα.
1503 2701 1560 2721 -.-
1588 2680 1716 2732 „·Ara

364 2750 479 2801 hice,
523 2753 648 2804 Nalzr
678 2756 723 2799 al
745 2754 873 2805 Malk
930 2752 1197 2819 Νκρμάλχοιν
1236 2758 1345 2820 apud
1377 2755 1520 2805 Ifidor.
1547 2751 1720 2801 Charac-

362 2826 696 2877 p.5.“1‹1;1s1c‚
1049 2866 1060 2875 „

1597 2888 1718 2952 Vers.
