1806 3262
458 235 538 267 An
568 231 781 263 Pomm.
811 222 950 263 vnn
971 231 1036 263 ιι.
1334 214 1423 272 v461

1438 294 1629 327 Ξ

74 335 194 383 fiune
229 333 338 381 τοῦτ
363 334 505 392 exon,
552 335 622 378 sed
650 336 780 379 editio
809 336 1005 392 princeps
1035 331 1354 377 Mediolanenfis
1379 334 1424 376 in

77 408 192 455 ταῦτ’
210 409 326 467 ἔχειν
346 424 442 454 cum
462 409 557 451 cod.
573 408 748 451 Peiresc.
767 408 984 450 consentit.

166 509 280 568 Vers.
306 525 371 556 ιι.
400 507 480 564 οὐχ
504 503 696 565 ἑταίρους.
726 528 785 539 ·—-
835 508 1015 559 „Addidi
1034 520 1086 548 ex
1104 505 1313 549 Athenaeo
1336 501 1426 548 ἀλλ’
1456 494 1552 537 V01s·
1574 501 1631 539 ¹¹-

22 577 259 642 ,ι-ἑτοιίρας,
299 585 344 626 in
372 597 455 640 quo
481 590 592 625 tota
590 581 814 623 sententiae
838 579 1028 622 venustas
1050 577 1179 634 pofita
1200 579 1283 621 est:
1324 592 1421 634 quae

69 656 239 712 quidem
270 654 410 699 allufio
447 654 518 700 effi
544 653 817 696 urbanitatem
855 652 1032 707 aliquam
1064 649 1227 695 videtur
1255 651 1422 703 habere,

69 733 211 770 tamen
239 727 420 771 historiae
452 727 651 781 scriptore
680 724 843 781 prorsus
875 725 1046 780 indigna
1075 723 1145 766 est.
1208 722 1420 779 Ejusmodi

70 799 163 843 sunt
185 799 231 843 &
253 814 348 856 quae
368 799 610 855 sequuntur,
639 792 875 853 ἀνδροφόνοι
895 795 939 839 &
959 791 1232 852 οἷνδροπόρνοι,
1261 809 1354 851 quae
1371 794 1419 838 &

68 873 206 928 turpia
226 871 269 916 &
289 873 412 916 nimis
433 868 620 913 assertam
639 870 743 913 sunt.
799 870 864 912 Ex
887 870 1033 924 quibus
1056 876 1244 924 apparet,
1277 867 1419 910 Theo-

70 957 272 1001 pompum
293 945 516 988 verborum
533 940 798 984 curiosiorem
822 940 938 982 flaifl'e
961 954 1084 996 quam
1109 942 1289 984 rerum.“
1325 955 1423 983 VA-

70 1030 266 1061 LEsxvs.
300 1036 353 1047 —·-
412 1016 460 1059 In
483 1015 674 1057 eamdem
701 1014 941 1055 sententiam
972 1026 1217 1057 Rmsmvs
1243 1014 1419 1063 monuit,

66 1103 119 1132 ea
139 1117 153 1138 ‚
208 1102 302 1146 quae
332 1102 431 1131 mox
464 1088 688 1142 sequuntur
724 1086 775 1127 de
810 1084 1028 1128 Centauris
1059 1084 1105 1128 &
1137 1085 1415 1140 Laestrygoni-

70 1163 170 1214 δας,
207 1163 384 1218 prodere
414 1160 632 1215 ingenium
657 1155 1161 1213 Theopompisluxurians
1184 1157 1227 1199 δι
1249 1157 1415 1216 theatri-

70 1249 167 1278 cum
195 1242 319 1289 atque
352 1231 636 1289 sophisticum,
670 1243 756 1272 non
785 1231 862 1274 viri
887 1229 1052 1286 gravis,
1091 1244 1177 1272 non
1204 1229 1414 1285 scriptoris

65 1307 262 1350 accurati.

0 1416 2 1469 j
152 1404 265 1463 Vers.
290 1416 354 1460 13.
385 1399 452 1461 noc)
480 1399 679 1447 τοσούτων
713 1419 780 1455 μοι
816 1397 1066 1460 πραγμάτων
1095 1400 1414 1457 ἐπικεχυμένων,
1448 1403 1546 1443 Vers.
1566 1414 1621 1454 ¹3·

0 1477 2 1500 '
66 1494 156 1524 cum
179 1486 240 1522 tot
259 1493 306 1523 ac
330 1484 449 1520 tanta
478 1476 577 1519 mihi
602 1478 763 1532 negotia
794 1475 1037 1519 incumbant.
1065 1496 1121 1507 ——
1178 1507 1203 1528 „
1213 1475 1413 1520 versatus

0 1553 2 1612 ξ
66 1555 127 1597 est
153 1555 196 1596 in
227 1550 437 1607 republica
460 1549 705 1605 Theompus
731 1550 883 1600 Chius,
922 1550 967 1591 in
995 1563 1075 1605 qua
1102 1549 1415 1591 administranda
1437 1566 1439 1568 ·

0 1614 1 1642 3
67 1625 342 1669 adversarium
359 1621 503 1664 habuit
519 1621 796 1664 Theocritum
817 1620 989 1672 Chium,
1019 1628 1227 1662 oratorem
1254 1635 1306 1662 ex
1332 1619 1415 1667 Iso-

65 1697 190 1741 cratis
209 1694 366 1745 schola,
391 1701 439 1737 ut
457 1694 570 1736 testis
590 1695 647 1736 est
667 1694 814 1737 Strabo
833 1694 902 1735 lib.
915 1692 1032 1735 XIII.
1056 1690 1247 1748 [p0645.]
1267 1692 1415 1736 &Sui-

64 1771 138 1813 das
161 1769 224 1824 [in
244 1761 490 1822 Θεόκριτος]
550 1765 704 1809 Contra
731 1780 855 1821 quem
872 1766 1084 1808 invehitur
1110 1765 1414 1821 Theopompus

27 1892 30 1893 ⁷
63 1843 109 1886 in
120 1839 382 1901 Suafionibus
401 1840 449 1881 ad
463 1839 757 1890 Alexandrum,
786 1845 833 1879 ut
845 1838 974 1879 refert
986 1837 1215 1880 Athenaeus
1233 1838 1301 1879 lib.
1314 1837 1411 1881 XII.

67 1913 130 1971 [p.
154 1911 268 1968 540.]
288 1913 357 1955 ubi
377 1906 589 1967 Θεόκριτος
607 1908 628 1953 o‘
648 1905 775 1963 σοφὸς
793 1910 943 1952 dicitur
962 1923 1200 1965 perperam,
1230 1924 1326 1952 cum
1347 1925 1411 1951 σο-

66 1981 215 2042 φιστῆς
251 1986 476 2041 legendum
512 1983 561 2026 fit
597 1998 650 2025 ex
678 1981 894 2024 Strabone.
977 1981 1171 2023 Clemens
1206 1983 1329 2023 Alex.
1366 1982 1411 2023 in

60 2060 267 2114 Protrept.
288 2055 355 2112 [p.
374 2067 443 2111 45.
463 2057 527 2098 ed.
546 2051 774 2112 Sylburg.]
798 2046 950 2109 ἄγαμοι]
968 2049 1036 2095 τᾶν
1055 2053 1168 2096 &elev
1188 2048 1413 2107 σοφιστήν·

61 2127 274 2187 Θεόκριτος
291 2122 416 2181 ’ὄνομα
432 2124 553 2183 αὐτῷ’.
574 2129 670 2183 lege
690 2123 833 2168 erf‘
865 2140 1085 2170 VALEsrv
1098 2138 1136 2167 s.
1187 2149 1244 2156 -—
1300 2124 1411 2168 Ibid.

61 2199 260 2250 τοιούτους
280 2197 349 2244 τὸν
370 2196 530 2256 τρόπον.
563 2200 674 2242 conf.
698 2199 797 2242 vers.
820 2209 882 2240 12.
941 2198 1047 2241 Cum
1067 2197 1242 2240 τοιοῦτον
1263 2192 1411 2253 τρόπον

59 2276 326 2333 daret-codex
347 2273 645 2326 Peirescianus,
683 2264 969 2327 τοιουτότροπα
991 2270 1410 2326 legendum'suspica-

59 2355 128 2398 tus
148 2355 236 2391 erat
255 2345 458 2391 Valefius.

142 2448 248 2492 Ibid.
267 2440 584 2502 Λαιστρυγόνας.
622 2440 732 2488 Vide
744 2444 920 2488 Homeri
937 2444 1186 2499 interpretes
1200 2443 1249 2484 ad
1263 2436 1409 2498 Odyff.

45 2520 246 2572 ‘X082.&
259 2520 398 2563 Schol.
418 2521 468 2562 ad
484 2515 1013 2575 Lycophr.Caffandr.956.
1034 2516 1204 2557 citatum
1226 2529 1248 2556 a
1268 2513 1407 2556 Clark.

58 2594 110 2636 ad
132 2594 302 2635 Homer.
320 2592 347 2634 1.
367 2606 403 2634 c.
465 2609 517 2621 -·—
576 2589 682 2632 Ibid.
703 2604 747 2631 το
769 2585 986 2630 Λεοντῒνον
1003 2584 1150 2628 melleam
1182 2587 1290 2628 conf.
1309 2585 1407 2631 VII.

57 2663 99 2715 6,
119 2675 158 2718 4.
188 2663 232 2707 &
255 2662 426 2707 Diodor.
450 2662 575 2707 Sicul
598 2663 650 2711 V.
673 2673 712 2705 2.
769 2661 922 2706 Citavit
946 2660 1057 2703 hunc
1083 2660 1226 2703 locum
1255 2657 1405 2702 Suidas

51 2737 99 2783 in
119 2735 409 2792 Κενταυρικῶς.

1209 2926 1399 2978 CAPVT
