1780 3190
466 237 544 270 An
575 237 787 269 nomm.
817 238 891 268 xx.
922 237 1000 287 ‚3¹2²
1021 236 1091 280 32·
1372 233 1453 280 553

27 363 47 390 ῃ
106 341 215 384 ciant
239 341 406 385 codices
435 339 540 387 Vrb.
570 340 616 384 &
646 341 757 384 Med.
779 355 804 383 e
822 341 973 396 quibus
1002 341 1045 383 in
1074 341 1157 383 hoc
1185 340 1315 384 verbo
1346 339 1459 383 nulla

103 413 368 468 discrepantia
387 415 579 456 adnotata
601 427 680 457 nec
704 428 727 455 a
745 412 999 456 Casaub.nec
1012 427 1036 454 a
1049 410 1280 455 Gronovio.
1335 427 1457 469 προσ-

104 483 230 539 έχετε
258 487 353 528 dant
378 485 547 531 Vesont.
576 485 620 529 &
650 484 836 541 Tubing.
892 482 1144 541 προσέχετοᾳ
1165 485 1280 540 Aug.
1305 483 1349 527 &
1375 483 1458 532 Re-

101 558 186 612 gii3
217 557 346 600 sedin
363 557 477 613 Aug.
498 559 606 601 inter
623 558 754 600 lineas
774 558 822 602 ab
841 558 1008 613 antiqua
1025 556 1069 600 &
1089 558 1235 603 eadem
1255 556 1326 611 (ut
1345 557 1456 600 vide·

100 627 193 684 tur)
215 640 338 673 manu
358 628 594 673 correctum
613 626 894 686 προσέσχετε,
932 630 1043 686 quod
1074 630 1356 685 adoptandum
1377 629 1457 671 uti-

101 711 193 757 que
202 703 453 758 putavimuS.
496 702 719 759 'Nusquam
748 702 863 744 enim
889 702 996 758 apud
1027 700 1247 756 Polybium
1275 701 1459 756 quidem,

101 773 216 828 quod
240 775 582 827 meminerimus,
614 776 663 818 in
681 774 822 816 medio
850 787 1007 829 genere
1031 772 1248 828 usurpatur
1266 773 1348 815 hoc
1370 787 1461 815 ver

99 843 212 888 bum.
272 841 343 892 τᾶν
370 861 461 895 νουν
487 847 578 904 post
603 837 862 903 προσέσχετε
879 846 1017 889 nullus
1039 846 1205 890 codex
1192 860 1238 888 m
1259 851 1461 888 contextu

100 917 309 972 agnoscit.
335 918 426 970 sed,
455 933 532 976 pro
550 913 700 962 τούτων
718 933 806 961 νυν
828 915 1120 974 ἐντραπέντες,
1147 918 1212 972 (in
1231 919 1343 974 quod
1361 932 1463 961 con

97 987 281 1033 sentiunt
303 990 404 1036 Vrb.
423 991 540 1047 Aug.
567 992 612 1033 in
635 997 861 1044 contextu,
891 989 1036 1047 Regii,
1063 988 1233 1034 Vesont.
1250 988 1460 1046 Tubing.)

101 1053 253 1103 τούτων
281 1078 368 1111 τον
386 1077 440 1106 νο
455 1077 510 1105 υν
538 1043 805 1119 ἐντραπέντες
830 1063 955 1110 habet
976 1062 1040 1104 ed.
1058 1071 1096 1105 1.
1117 1075 1213 1106 cum
1235 1062 1346 1108 Med.
1402 1061 1460 1108 Et

97 1129 214 1189 Aug.
242 1134 286 1176 in
315 1148 389 1177 ora
415 1135 464 1178 ab
489 1137 656 1191 antiqua
678 1149 803 1179 manu
825 1135 951 1178 habet
969 1129 1039 1176 τᾶν
1056 1133 1170 1182 νοῦν,
1209 1148 1303 1192 quae
1333 1134 1462 1176 verba

99 1204 257 1247 nescias
277 1213 420 1249 utrum
442 1207 493 1251 ad
513 1206 774 1264 προσέσχετε
801 1208 931 1250 relata
955 1206 1138 1250 voluerit
1164 1206 1377 1257 librarius,
1407 1219 1461 1247 an

101 1282 150 1318 ut
171 1277 374 1320 diversam
396 1271 624 1325 lectionem
649 1279 844 1325 adtulerit
871 1292 950 1335 pro
984 1278 1076 1327 νῦν,
1114 1279 1227 1334 quod
1248 1278 1380 1334 ipsum
1406 1290 1460 1319 eo

102 1349 340 1392 credibilius
361 1350 445 1402 est,
498 1354 611 1407 quod
642 1366 722 1394 nec
762 1349 998 1394 neceffariae
1029 1351 1122 1394 sunt
1154 1351 1221 1394 hae
1249 1363 1379 1393 voces
1409 1349 1462 1393 ad

31 1464 33 1468 ,
99 1421 275 1464 verbum
300 1419 582 1479 προσέσχετε,
619 1421 665 1466 &
692 1424 805 1480 quod
835 1423 905 1467 alii
932 1423 1025 1466 libri
1046 1425 1122 1478 (ut
1140 1422 1259 1477 dixi)
1281 1418 1351 1468 τὸν
1369 1422 1462 1466 νοῦν

0 1503 1 1515 ’
23 1493 27 1500 '
98 1504 178 1548 pro
199 1492 269 1534 νῦν
286 1493 452 1537 habent.
501 1495 716 1539 Probabile
736 1503 877 1542 autem
896 1509 1023 1555 Porro
1042 1495 1101 1538 est
1121 1496 1163 1538 id
1186 1496 1297 1551 quod
1319 1510 1342 1537 a
1364 1493 1461 1537 Sca-

77 1562 235 1620 fligero
252 1572 444 1612 notatum
462 1567 665 1621 videmus,
693 1568 769 1610 has
787 1568 891 1625 ipsas
911 1580 1040 1611 voces
1056 1562 1124 1611 τᾶν
1143 1568 1235 1614 νοῦν
1254 1581 1306 1610 ex
1326 1580 1372 1609 το
1390 1565 1460 1609 νῦν

30 1628 36 1632 ’
103 1634 186 1678 effe
208 1645 441 1694 corruptas,
500 1638 608 1689 Quae
631 1647 843 1683 momenta
861 1639 891 1682 fi
910 1641 953 1682 in
973 1653 1102 1682 unum
1122 1640 1320 1696 colligas,
1350 1639 1461 1681 veri-

101 1706 233 1751 fimile
248 1708 350 1763 fiet,
376 1709 432 1753 fic
453 1710 644 1767 scripfifl'e
665 1712 910 1768 Polybium:
942 1706 1098 1760 δικαίως
1119 1708 1166 1754 ου’
1185 1710 1462 1768 προσέσχετε,

103 1775 256 1824 τούτων
277 1797 332 1825 το
345 1783 429 1825 νῦν
453 1780 732 1839 ἐντραπέντες.-
779 1781 1001 1827 Genitivus
1023 1779 1196 1833 τούτων,
1227 1798 1352 1840 quem
1374 1797 1459 1825 uno

103 1854 300 1897 consensu
320 1855 550 1912 agnoscunt
578 1857 749 1900 codices
769 1869 938 1908 omnes,
968 1870 1052 1898 non
1071 1857 1227 1913 placuit
1244 1855 1288 1901 V
1289 1855 1394 1899 rfino
1416 1855 1462 1899 &

27 1928 34 1933 ”
102 1925 302 1979 Reiski03
333 1940 511 1984 quorum
529 1927 784 1984 ille‘prorsus
806 1942 904 1970 eum
929 1927 1115 1976 deletum
1136 1929 1293 1979 voluit,
1327 1929 1396 1970 hic
1419 1928 1463 1970 in

105 1999 385 2042 accusativum
407 1994 570 2048 τούτους
587 2007 819 2051 mutatum3
849 1998 931 2042 fine
950 1999 1078 2043 causa.
1139 2001 1245 2044 Nam
1267 2000 1464 2056 ἐπιτραπῆ-

104 2083 169 2126 νοᾳ
187 2069 226 2128 τ)
244 2071 313 2114 vel
337 2066 428 2113 τινοὲ
455 2073 622 2128 quidem
636 2073 850 2120 ·-dicimus,
887 2072 1065 2115 revereri
1090 2072 1262 2128 aliquem
1290 2073 1357 2117 vel
1387 2073 1467 2116 ali-

105 2142 207 2199 quid
215 2156 234 2190 ;
270 2144 512 2199 ἐντραπῆνοᾳ
530 2159 653 2196 vero,
684 2156 830 2190 curare
850 2144 1024 2201 aliquem
1045 2145 1113 2186 vel
1131 2144 1306 2202 aliquid,
1335 2145 1465 2187 ratio-

106 2214 397 2271 nem'valicujus
423 2216 590 2269 habere,
627 2230 713 2259 non
741 2216 876 2271 magis
905 2229 1001 2258 cum
1032 2217 1289 2267 accusativo,
1329 2217 1463 2259 veluti

105 2288 212 2331 infra
232 2302 319 2345 cap.
333 2285 400 2342 36,
425 2300 442 2330 1
455 2301 489 2330 1.
508 2287 554 2331 &
573 2288 712 2331 XXII.
735 2298 802 2343 27,
822 2287 862 2332 6.
886 2301 1007 2343 quam
1027 2301 1121 2330 cum
1141 2290 1332 2346 genitivo
1357 2288 1465 2339 casu,

108 2358 154 2402 &
186 2373 282 2409 curn
314 2360 398 2402 hoc
424 2361 593 2416 quidem
625 2360 910 2415 frequentius,
951 2359 1228 2411 construitur;
1271 2374 1393 2418 quam
1422 2361 1467 2402 in

108 2438 269 2487 partem
297 2431 416 2487 plura
449 2433 640 2489 exempla
671 2433 844 2495 collegit
867 2431 1001 2482 Henr„
1025 2429 1261 2488 Stephanus
1277 2433 1321 2482 in
1341 2430 1468 2481 Thes,

110 2500 182 2546 Gr.
201 2503 324 2560 Ling‚

500 2617 536 2662 C
565 2618 603 2663 A
635 2619 666 2662 P
694 2616 808 2664 VT
869 2618 1086 2669 XXXIL

195 2715 310 2774 Verf
330 2721 378 2773 4.’
397 2709 582 2776 ‘'fian-eg
604 2719 644 2762 δὲ
665 2714 744 2777 ’‘04-
803 2714 870 2775 καὶ
896 2720 1003 2762 bene
1023 2720 1066 2761 h.
1089 2719 1115 2762 l.
1137 2719 1263 2771 habet
1280 2734 1332 2763 ex
1353 2732 1471 2763 more

111 2789 368 2845 Polybiane,
402 2805 479 2833 nec
508 2791 706 2835 solicitari
734 2792 878 2834 debuit
900 2806 923 2834 a
946 2792 1144 2841 Reiskio,
1188 2794 1259 2850 qui
1290 2793 1475 2842 deletum

113 2863 262 2906 voluit.
318 2863 466 2918 Neque
499 2865 766 2909 incommode
799 2859 865 2919 ποι)
893 2864 984 2920 post
1008 2861 1221 2920 συμβαίνει
1241 2865 1378 2922 posuit
1400 2862 1476 2907 Ca,

788 2938 832 2978 M
851 2951 896 2978 m
924 2946 948 2997 5
1334 2936 1479 2978 sanbo-

1482 301 1667 340 Ε

1493 361 1588 400 Vets.
1610 360 1646 398 6.

1547 2614 1638 2660 Cap}

1518 2660 1670 2698 XXXII,

1512 2719 1610 2763 vers·
1626 2729 1663 2769 42
