1806 3262
196 428 1330 479 exm—

354 674 1163 733 ADNOTATIONES

698 838 810 871 An

118 919 552 1024 Pomm
642 940 1395 1024 HISTORIARVM

430 1122 888 1175 LIBRVM
973 1122 1072 1173 IV.

1455 1195 1640 1220 ..ι-

75 1232 370 1347 Τιτνινε
405 1248 553 1292 editus
564 1249 649 1293 est
653 1263 705 1293 ex
736 1249 833 1292 Bav.
855 1246 1068 1303 Πολυβίου
1098 1241 1218 1299 λόγος
1246 1243 1625 1295 A‘.Vat.1.1b.1v.

206 1321 442 1368 Flor.V1·b
499 1320 594 1367 Πολ
597 1321 675 1379 υβί
670 1339 714 1366 ου
735 1321 935 1380 Ἱστοριων
957 1318 1076 1376 λόγος
1104 1321 1300 1382 τέταρτος
1318 1322 1435 1380 Aug.

74 1392 183 1453 Reg.
197 1395 251 1440 Α

551 1478 865 1528 CAPVT
920 1481 955 1527 Ϊ.
1482 1483 1620 1530 Cap]-

164 1566 282 1627 Verf.
297 1582 331 1613 1.
354 1566 403 1611 In
421 1562 681 1625 ἐδηλώσαμεν
701 1569 962 1614 consentiunt
982 1583 1130 1613 omnes
1151 1575 1309 1628 praeter
1322 1568 1435 1613 Flor.
1469 1569 1566 1611 Vers.
1587 1583 1623 1614 1.

79 1643 236 1700 Aptius
266 1643 436 1698 quidem
458 1642 588 1685 videri
611 1648 776 1699 poterat
794 1641 1060 1699 praeteritum
1077 1652 1126 1687 ut
1146 1643 1346 1694 III.1‚1.
1367 1641 1445 1686 sed

79 1715 128 1762 &
147 1715 320 1759 aoristus
342 1715 449 1758 bene
466 1714 614 1765 habet,
647 1722 694 1758 ut
713 1713 768 1758 Π.
794 1728 828 1767 1,
853 1728 889 1758 1.
911 1714 956 1776 &
976 1716 1059 1759 hoc
1081 1729 1170 1772 cap.
1190 1716 1294 1759 vers.
1314 1728 1353 1759 2.

171 1788 221 1834 V
215 1787 288 1846 ers
312 1800 352 1831 2.
391 1780 591 1841 Αυφιδον.
636 1780 823 1873 ’Άφᾱον
864 1790 930 1831 ed.
939 1802 994 1832 ..1
1016 1800 1055 1832 2.
1090 1803 1188 1831 cum
1217 1789 1304 1831 solo
1334 1786 1440 1831 Bav.
1472 1793 1570 1832 Vers.
1590 1804 1627 1837 2.

81 1860 288 1905 Codicum
306 1861 413 1916 Reg.
425 1861 471 1901 B.
484 1858 531 1902 C.
553 1844 709 1903 dehinc
725 1860 881 1903 nullam
900 1861 1077 1918 amplius
1094 1861 1243 1904 faciam
1262 1861 1439 1904 mentio-

81 1948 202 1986 nem,
242 1931 315 1975 nifi
337 1934 407 1976 ubi
427 1932 477 1975 ab
495 1933 680 1976 editione
701 1934 856 1989 prima,
885 1935 936 1975 ad
961 1934 1087 1988 cujus
1106 1934 1350 1991 exemplum
1370 1934 1439 1977 de-

80 2007 222 2063 scripti
245 2005 357 2057 sunt,
392 2005 565 2047 notabili
583 2006 764 2060 quodam
782 2007 910 2048 modo
930 2006 1158 2052 discedunt.

176 2074 289 2132 Vers.
312 2089 351 2132 3.
382 2075 571 2130 διέξιμεν.
611 2075 808 2131 διέξειμεν
827 2078 939 2134 Aug.
958 2078 1130 2135 Reg.A.
1473 2081 1571 2124 vers.
1592 2091 1626 2133 3.

172 2146 287 2205 ῙῘεηΙῖ
306 2161 347 2205 4.
375 2149 425 2192 In
445 2151 516 2206 τῆς
544 2151 881 2207 κατασκευῆς
907 2151 967 2193 nil
992 2151 1154 2194 variant
1181 2149 1290 2195 libri.
1346 2149 1446 2195 Pot-
1475 2152 1576 2192 vers.
1593 2163 1632 2203 4.

84 2229 175 2266 erat
201 2222 645 2279 προκατασκευῆς
672 2226 836 2276 dicere,
873 2230 922 2266 ut
949 2222 1100 2281 saepius
1130 2222 1259 2275 alifis,
1294 2222 1340 2266 &
1360 2223 1445 2269 hoe

85 2309 185 2352 cap..
196 2295 300 2338 vers.
317 2305 358 2352 9.
384 2295 454 2338 sed
479 2295 525 2339 &
554 2296 658 2339 illud
686 2296 853 2339 fortafl'e
873 2297 967 2339 satis
990 2305 1093 2340 erat.
1130 2296 1242 2339 conf.
1260 2295 1294 2339 Ι.
1320 2309 1386 2351 13,
1406 2306 1448 2351 5.

84 2369 275 2426 Opponit
295 2376 436 2413 tamen
463 2369 574 2412 inter
602 2369 643 2410 se
671 2364 1009 2426 προκατασκευῆν
1035 2368 1082 2413 &
1109 2365 1368 2425 κατασκευήν
1388 2368 1448 2413 II.

86 2453 154 2498 37,
169 2454 218 2484 2-
229 2452 270 2496 5.
307 2462 366 2473 -
409 2440 518 2485 Ibid.
537 2441 631 2498 περὶ
650 2443 728 2483 τῶν
751 2440 912 2499 Ἕλλην.
945 2442 1194 2485 Particulam
1211 2441 1302 2494 μὲν,
1322 2456 1448 2497 quam

81 2514 216 2571 'vulgo
236 2515 306 2556 hic
327 2513 513 2557 inserunt
530 2528 628 2557 cum
650 2515 746 2557 Bav.
767 2515 907 2558 delevi
928 2528 1026 2557 cum
1044 2515 1198 2557 ceteris
1216 2515 1451 2566 codicibus,

86 2583 188 2630 Vat.
207 2586 319 2630 Flor.
337 2589 457 2643 Aug.
474 2587 578 2642 Reg.
589 2587 644 2629 A.
702 2587 759 2631 Et
781 2585 837 2630 fic
863 2586 1027 2643 semper
1055 2587 1233 2639 deinde,
1272 2588 1342 2630 ubi
1365 2586 1449 2631 five

87 2659 132 2703 in
151 2659 310 2702 scholio
331 2659 438 2701 infra
458 2666 727 2711 contextum,
756 2659 842 2702 five
861 2661 906 2703 in
925 2659 991 2701 his
1012 2660 1372 2702 Adnotationibus
1392 2659 1453 2703 di·

87 2743 216 2779 xer0,
248 2746 272 2774 a
292 2731 429 2775 nostra
455 2729 638 2774 leffione
658 2733 870 2774 discedere
887 2732 989 2774 Bav.
1012 2732 1252 2788 intelligere
1285 2732 1457 2775 debebit

88 2801 263 2855 Lthor,
296 2811 464 2847 ceteros
488 2805 660 2847 codices
688 2819 787 2849 cum
808 2805 947 2848 nostra
970 2805 1203 2847 consentire
1218 2834 1230 2857 ‚
1272 2803 1318 2847 ὃς
1339 2804 1459 2847 vicis-

88 2872 186 2927 fim,
214 2874 287 2918 nifi
315 2877 464 2920 diserte
494 2891 725 2931 monuero,
750 2891 805 2921 ex
833 2876 1077 2936 conjthura
1105 2891 1187 2922 nos
1215 2892 1241 2922 a
1259 2877 1462 2933 scriptura

143 2947 306 3005 polybii
321 2948 474 3006 Hister.
501 2950 546 2995 T.
567 2949 650 2995 VI.
936 2950 990 2996 A.
1335 2948 1454 2993 codi-
