1806 3262
0 323 17 354 ι
72 332 124 369 ea
153 301 283 369 ,XLN
703 303 738 346 C
766 303 807 345 A
837 301 868 343 P
897 301 940 346 V
970 301 1012 345 T
1069 299 1249 346 XLIV.
1719 315 1741 363 Q}

125 343 148 377 P
286 360 295 370 ’
387 372 499 432 Vers.
525 389 561 419 1.
601 369 858 430 ι’τὶποφόρβιοι
894 372 1009 416 τεᾶε
1038 376 1131 418 edd.
1162 388 1213 416 ex
1241 373 1342 417 Bav.
1411 370 1654 418 Videndum

302 454 465 496 tamen,
505 463 559 492 ne
581 462 665 490 non
686 447 850 503 prorsus
879 447 1107 491 damnanda
1127 444 1178 490 fit
1195 453 1434 491 ceterorum
1459 446 1654 489 codicum

301 508 512 575 seriptum.
567 521 629 564 Ex
656 520 838 562 Platonis
870 519 1047 561 Politico
1077 519 1411 574 langermaunus
1440 519 1491 560 ad
1518 518 1656 579 Pollu·
1742 517 1753 574 J

304 606 397 635 cem
418 591 515 636 VII.
538 605 634 636 210.
661 587 734 647 τήν
762 588 1011 647 ἱπποφοριόιν
1042 591 1142 633 citat
1148 603 1162 642 ς
1202 590 1245 633 id
1268 591 1432 633 veroin
1456 592 1657 646 ἱπποφορ-
1744 591 1746 594 ’

118 391 214 431 Vers.
235 403 267 430 1.

127 1027 225 1067 Vers.
243 1037 276 1066 2.

44 1109 46 1111 ’
127 1102 223 1143 vers.
241 1112 274 1153 3.

291 189 406 236 200'
457 179 462 182 ⁴
717 188 1230 232 AunoTArlonzs'

304 662 404 719 βίαν
431 667 674 708 mutandum
698 666 926 707 contendit.
982 662 1047 705 De
1065 676 1259 721 equorum
1281 662 1532 707 Medicorum
1547 677 1658 720 φνα-

295 737 456 794 stantia
481 738 626 781 confer
655 737 849 781 Nostrum
878 737 935 778 X.
960 749 1028 791 27,
1056 750 1071 778 1
1096 737 1151 791 sq.
1218 734 1414 780 Celebres
1442 737 1502 780 ibi
1530 734 1661 792 Ng'soei

307 810 465 864 campi,
506 811 558 852 de
582 810 730 865 quibus
763 809 928 852 consule
944 809 1059 859 loca,
1086 821 1182 863 quae
1201 822 1253 850 ex
1275 808 1517 860 Herodoto,
1549 808 1667 854 Stra-.
1753 827 1756 830 ’

306 881 416 938 bone
434 881 479 924 δε
501 882 711 925 Eustathio
733 883 782 924 ad
800 881 974 938 Dionys.
986 881 1161 938 collegit:
1176 878 1323 925 Cellar.
1335 878 1659 940 inGeogr.Ant.

307 953 376 999 lib.
395 933 575 1010 fflboeap.
602 957 663 1004 18.
682 968 723 1008 p.
742 958 824 1007 785
838 953 891 1009 sq.

394 1022 507 1083 Vers.
526 1038 564 1068 2.
597 1024 697 1082 περί
709 1042 755 1076 γε
776 1022 867 1082 μήν.
925 1020 1005 1082 miv
1026 1031 1185 1068 temere
1206 1031 1321 1069 caret
1341 1027 1407 1069 ed.
1431 1038 1469 1082 1,

396 1095 507 1154 Verfi
529 1111 569 1153 3.
597 1097 650 1142 ‘H
679 1095 755 1155 ’γοέρ
779 1096 925 1154 Μηδία.
984 1099 1048 1140 De
1078 1098 1273 1153 scriptura
1299 1099 1394 1142 vide
1420 1097 1581 1142 Adnot.
1607 1099 1663 1143 ad

311 1183 400 1225 cap.
417 1181 485 1225 40,
507 1169 547 1213 6.
606 1170 671 1212 De
698 1185 742 1212 re
773 1172 918 1213 confer
946 1171 1015 1212 lib.
1035 1170 1087 1212 X.
1119 1185 1155 1212 c.
1177 1182 1244 1224 27.
1302 1171 1438 1214 Habet
1466 1171 1578 1215 hunc
1600 1172 1681 1217 lo·-

309 1256 409 1286 cum
425 1242 474 1284 de
496 1241 659 1294 Media,
697 1244 746 1285 ab
765 1243 829 1285 his
853 1243 990 1284 verbis
1003 1273 1015 1294 ,
1055 1242 1180 1298 usque
1196 1243 1246 1284 ad
1267 1241 1395 1285 finem
1413 1243 1534 1300 hujus
1554 1245 1662 1300 capi-

313 1316 389 1365 tis,
430 1313 566 1357 Codex
593 1328 814 1357 vaNAs
841 1316 884 1356 in
913 1314 1148 1372 Excerptis.
1206 1335 1265 1346 --
1322 1314 1429 1358 Ibid.
1457 1310 1567 1361 moi
1591 1311 1667 1374 τήν

311 1383 366 1433 εἰς
387 1380 491 1442 ὕψος
512 1382 719 1431 <indm-zv.
765 1388 834 1430 Sic
851 1388 915 1429 ed.
934 1385 1100 1430 casaub.
1123 1385 1166 1429 &
1188 1387 1296 1443 seqq.
1318 1401 1415 1432 cum
1433 1386 1530 1432 Vat.
1548 1379 1666 1434 Flor.

313 1459 445 1503 Vrfin.
470 1459 516 1502 δι
537 1460 695 1516 Reg.13.
741 1459 933 1501 Mendose
955 1454 1062 1501 κατοὶ
1081 1454 1127 1502 τὸ
1151 1452 1254 1517 ὕψος
1272 1454 1468 1503 οἷνοίτοισιν
1489 1461 1554 1504 ed.
1571 1473 1606 1504 1.
1621 1471 1671 1514 2.

311 1545 406 1573 curn
439 1533 536 1574 Bav.
565 1532 677 1589 Aug.
699 1532 804 1589 Reg.
818 1533 869 1575 A.
929 1532 1036 1575 Puto
1067 1531 1112 1575 δι
1142 1531 1244 1576 Vrb.
1277 1533 1321 1574 in
1345 1546 1428 1590 quo
1457 1542 1667 1590 praeterea

311 1615 390 1659 pro
420 1599 615 1647 οἷνοῖτασιν
640 1605 698 1647 est
721 1599 966 1654 οἷνοῖστοισιν,
997 1606 1107 1661 quod
1128 1605 1257 1662 ipsum
1279 1604 1325 1649 &
1346 1619 1399 1648 ex
1415 1603 1512 1650 Vat.
1533 1607 1668 1649 adfer-'

315 1682 394 1717 tur.
456 1700 507 1710 —
565 1676 668 1720 [bid.
700 1675 749 1725 ὥς
777 1672 873 1732 πρδς
903 1675 1022 1735 μέρος
1046 1675 1318 1734 θεωρουμένη.
1376 1677 1666 1722 casaubonus:

303 1746 343 1805 fi
369 1746 472 1790 hanc
489 1756 656 1805 partem
683 1765 772 1792 cum
797 1751 938 1792 ceteris
968 1749 1197 1794 contendas.
1254 1750 1320 1793 Ad
1351 1750 1424 1794 ista
1453 1751 1579 1794 verba
1605 1750 1669 1795 est

317 1818 501 1863 scholion
524 1824 563 1864 in
587 1825 678 1866 cod.
698 1823 800 1879 Reg.
815 1824 866 1866 A.
884 1827 992 1874 (non
1014 1825 1180 1878 quidem
1201 1824 1249 1866 ab
1268 1821 1391 1878 ipfius
1412 1823 1668 1866 librarii'rna-

314 1891 394 1943 nu)
413 1892 665 1948 hujusmodi:
696 1889 816 1950 ἤγουν
828 1925 841 1944 ,
873 1892 918 1938 οὐ
938 1891 1034 1951 πρὸς
1051 1889 1146 1951 ’ὅλην
1164 1891 1236 1951 τήν
1253 1892 1411 1944 Ἀσίαν,
1443 1889 1550 1938 &Aoi
1566 1889 1673 1951 πρδσ

313 1958 367 2004 τοὶ
397 1961 518 2021 αὐτῆς
546 1965 647 2024 μέρη
680 1967 977 2024 συγκρινομένη.
1035 1969 1237 2011 Eamdern
1266 1966 1429 2024 phrasin
1448 1968 1535 2024 jam
1550 1968 1670 2020 yidi-

312 2049 409 2078 mus
442 2038 490 2083 V.
521 2051 583 2096 19,
615 2054 655 2095 7.
725 2042 914 2090 Quanam
951 2056 1050 2084 vero
1082 2041 1240 2084 ratione
1273 2039 1457 2084 Mediam
1489 2041 1670 2084 omnium

310 2106 419 2163 Afioe
437 2110 613 2155 locorum
640 2114 703 2156 vel
727 2116 937 2169 regionum
965 2114 1193 2156 maximam
1212 2114 1322 2156 dicat
1348 2113 1573 2168 Polybius,
1609 2110 1678 2155 fa-*

313 2188 410 2222 teor
430 2184 531 2226 mihi
555 2199 638 2228 non
661 2187 840 2241 liquere,
881 2185 951 2229 nisi
982 2188 1210 2235 maximam
1239 2187 1416 2229 omnium
1437 2185 1672 2241 provincia-

311 2263 406 2294 rum
428 2253 652 2310 fignificat,
686 2259 851 2313 imperio
883 2273 1028 2314 regum
1057 2257 1492 2314 Syriaesubjeffarum.
1549 2257 1672 2301 Cete-

238 2339 245 2341 ⁴
310 2337 406 2366 rum
424 2326 520 2369 huic
542 2330 678 2371 eidem
697 2330 868 2384 Mediae,
899 2333 950 2374 de
971 2346 1050 2387 qua
1074 2333 1200 2374 verba
1224 2332 1323 2374 facit
1347 2331 1570 2387 Polybius,
1599 2343 1670 2372 co·

128 2462 228 2503 vers.
246 2474 282 2513 4.

314 2408 498 2451 gnomen
515 2401 686 2456 Magnae
708 2403 824 2445 fuiss’e
838 2435 849 2453 ,
881 2403 1028 2447 Strabo
1048 2404 1173 2446 docet
1192 2404 1262 2447 lib.
1273 2401 1354 2446 XI.
1374 2417 1415 2459 p.
1439 2413 1536 2457 522.

400 2468 445 2511 V
441 2469 514 2526 ers.
543 2485 583 2528 4.
614 2470 667 2516 τοὶ
689 2471 798 2518 meroz
818 2470 890 2531 τήν
915 2475 1060 2532 ἔρημον
1087 2474 1264 2526 πεδία,
1303 2470 1377 2531 τῆν
1404 2469 1564 2529 μεταέι)
1591 2466 1673 2518 niet:

310 2537 435 2597 μένην
470 2545 540 2601 τῆς
575 2546 770 2603 Περσίδος
808 2543 875 2603 καὶ
917 2549 987 2604 τῆς
1025 2547 1342 2608 Παρῤασῖας·
1413 2549 1672 2603 Νθΰῖῑίῖὓὲῐῑῑ

313 2613 507 2658 damnare
534 2621 729 2674 equidem
755 2621 880 2663 aufim
920 2618 973 2664 τοὶ
1011 2618 1119 2666 uani
1150 2617 1224 2678 τήν
1253 2620 1400 2678 &knew
1429 2615 1689 2668 organica..

313 2687 427 2740 quod
453 2688 512 2735 est
537 2690 580 2733 in
619 2692 910 2738 vetustioribus
947 2695 1178 2753 codicibus.
1244 2695 1309 2753 De
1345 2689 1670 2752 ‚nasspoecloec

314 2769 419 2801 vero
448 2762 571 2804 etiam
605 2770 727 2819 atque
756 2768 881 2809 etiam
912 2768 1100 2810 dubitare
1127 2768 1280 2810 licebit.
1348 2766 1455 2809 Cum
1486 2766 1671 2820 quinque

314 2831 486 2874 codices
504 2835 722 2894 παρουσίας
742 2839 942 2892 habeant,
981 2840 1162 2884 vidimus
1193 2840 1363 2898 quidem
1390 2836 1436 2884 &
1465 2837 1561 2883 alibi
1587 2837 1673 2892 jam

1511 2910 1669 2965 aliquo-
