1806 3262
532 269 613 300 AD
642 264 854 298 Pomlfl.
883 266 933 299 v·-
980 262 1052 308 54.
1367 260 1449 294 221

91 374 326 433 suspensum
357 372 430 418 est.
485 368 696 416 Praeterea
724 371 823 414 urbs
852 364 923 412 illa
952 366 1124 412 Chauon
1140 398 1153 419 ,
1193 377 1315 423 quam
1347 365 1451 410 dicit

96 437 419 502 Wesselingius,
447 445 645 501 nusquam
662 442 735 485 nifi
755 443 798 485 in
817 439 963 485 Ctefiae
986 440 1164 484 fabulosa
1195 439 1362 482 historia
1379 438 1451 481 Se-

94 522 338 565 miramidos
355 524 633 561 memoratur:
660 529 756 558 nam
777 529 801 556 a
818 511 951 557 Ctefia
978 512 1023 557 ’δι
1044 506 1257 555 Diodorus
1285 510 1332 554 δι
1361 509 1453 553 Ste-

97 594 260 650 phanus
289 592 546 647 Byzantinus
566 604 637 639 ea,
679 600 775 643 quae
806 588 857 629 de
884 585 1083 628 Chauone
1105 584 1281 635 habent,
1308 582 1450 626 hause-

97 674 210 709 runt.
270 663 533 705 Casaubonus
555 662 680 703 etiam
699 659 802 701 olim
821 659 929 714 apud
945 657 1190 700 Strabonem
1202 649 1278 700 XI.
1297 669 1339 712 p.
1353 666 1450 710 529.

98 751 178 795 pro
197 727 451 786 Χαλωνῖτιν,
486 736 527 776 in
553 734 666 788 quod
698 732 757 774 ibi
786 729 1049 773 consentiunt
1072 729 1189 780 libri,
1220 725 1451 770 Xoeuvarm

96 811 318 866 suspicatus
338 817 426 850 erat
445 807 672 862 legendum
683 819 696 854 3
711 804 778 846 sed
797 801 1076 859 conjesturam
1096 801 1207 843 illam
1224 800 1309 856 ipse
1326 808 1455 843 retra«

96 881 230 926 &avit
251 883 292 923 in
310 881 591 923 Commentar.
612 877 661 918 ad
679 889 778 918 eum
795 876 951 918 locum.
1313 884 1316 887 ’

192 949 240 998 V
235 951 308 1005 ers.
331 958 370 1002 8.
407 946 528 994 Μετοὲ
547 949 677 991 mvi-oa
706 947 749 990 δὲ
779 948 875 990 Bav.
902 947 1015 990 Flor.
1044 947 1147 1003 Reg.
1165 945 1222 988 A.
1262 934 1372 997 μετοὲ
1390 942 1455 995 δὲ,

100 1026 251 1082 absque
268 1025 422 1072 ταῦτα,
458 1025 565 1079 Aug.
595 1016 703 1074 μετὰ
723 1020 766 1062 δὲ
785 1021 917 1062 ταῦτα
942 1020 1036 1062 edd.

193 1095 310 1153 Vens.
334 1109 397 1140 ιο.
429 1089 749 1144 ’Adamana
809 1092 880 1135 Sic
901 1092 1048 1134 msstis
1075 1093 1126 1133 ad
1149 1103 1278 1134 unum
1306 1103 1454 1131 ornnes

101 1164 201 1215 Bav.
222 1170 318 1214 Vat.
341 1170 451 1211 Flor.
468 1168 584 1222 Aug.
604 1165 830 1222 Reg.A.B.
875 1165 1048 1207 Peiresc.
1076 1164 1124 1218 (e
1145 1177 1229 1219 quo
1257 1163 1364 1205 hanc
1393 1162 1452 1203 le-

103 1242 290 1286 &ionem
307 1240 480 1297 protulit
497 1238 540 1282 V
543 1237 710 1292 alefius)
743 1236 787 1279 δι
812 1238 946 1279 codex
970 1228 1120 1280 Vrfini.
1179 1235 1374 1278 Perottus
1392 1241 1455 1276 to·

99 1322 192 1359 tum
221 1315 363 1356 locum
391 1310 612 1354 transfiliit.
685 1307 869 1352 Temere
895 1307 1060 1364 prorsus
1092 1303 1289 1358 Δειγοίνοες
1320 1307 1450 1362 vulgo

101 1387 164 1430 est
181 1384 337 1429 editum
352 1416 363 1438 ‚
393 1398 535 1425 errore
557 1398 583 1424 e
600 1383 733 1439 prima
754 1382 939 1424 editione
958 1382 1001 1422 in
1018 1387 1180 1423 ceteras
1202 1390 1450 1435 propagato.

102 1460 160 1504 Et
179 1459 272 1500 haec
293 1465 432 1499 tamen
451 1455 646 1497 mendosa
666 1454 884 1510 scriptura5
924 1466 1062 1508 neque
1085 1453 1195 1494 aliud
1215 1453 1453 1508 quidquam,

103 1531 362 1588 quodsciam‚
393 1526 775 1570 ansamCasaubono
788 1525 1149 1579 deditsuspicandi‚
1180 1522 1454 1580 effeilludma-

101 1603 305 1661 gistratus
314 1599 427 1656 apud
434 1598 631 1641 Seleucios
644 1610 784 1640 nomen
793 1611 812 1645 5
842 1610 965 1653 quam
976 1596 1217 1639 sententiam
1235 1598 1361 1639 etiam
1379 1598 1391 1637 i
1397 1587 1454 1651 pst

101 1673 281 1718 verfioni
303 1673 443 1715 latinae
465 1672 644 1713 inserere
669 1685 753 1712 non
775 1670 987 1714 dubitavit.
1047 1669 1318 1724 Cogitaverat
1338 1683 1453 1711 nem*

101 1754 157 1804 p'e
177 1748 240 1788 vir
259 1743 407 1788 doetus
435 1743 504 1795 (ut
531 1757 583 1784 ex
616 1757 688 1784 ora
707 1738 918 1785 Bafilee‘nfi
937 1741 1151 1796 intelligo,
1183 1742 1301 1797 cujus
1329 1748 1452 1784 notas

102 1803 342 1862 Gronovius
361 1814 593 1871 descripsit)
612 1817 664 1857 de
682 1815 865 1858 Arabico
887 1813 1015 1855 verbo
1037 1812 1122 1856 dein
1143 1813 1209 1857 v'el
1226 1813 1316 1865 din,
1338 1813 1454 1868 judi-

103 1903 223 1936 mre,-
267 1890 379 1932 unde
399 1886 549 1943 dajdn,
573 1885 735 1942 judex,
781 1885 1100 1944 admimstrator.
1157 1886 1288 1937 Dein,
1323 1900 1456 1942 quum

103 1963 150 2005 in
169 1962 314 2004 msstis
335 1959 415 2002 esse
445 1955 682 2009 Ἀδειγοῖνοις
708 1960 893 2010 videret,
923 1960 1096 2014 perinde
1121 1954 1204 2000 hoc
1231 1958 1312 2001 esse
1340 1965 1456 2014 puta-

104 2035 189 2084 vit;
218 2034 382 2075 literam
409 2032 609 2075 initialem
630 2048 658 2073 οι
676 2039 790 2074 ratus
811 2031 1059 2087 respondere
1087 2031 1282 2081 articulo,
1325 2045 1451 2086 quem

101 2105 339 2150 nominibus
361 2103 582 2160 praefigere
610 2104 743 2147 solent
763 2104 926 2146 Arabes
957 2101 1002 2146 δε
1031 2102 1215 2145 Hebraei.
1272 2103 1322 2144 In
1339 2117 1451 2145 eam³

101 2180 281 2233 demque
311 2177 475 2233 prorsus
502 2178 806 2232 cogitationem
825 2175 1021 2219 Reiskius
1042 2169 1212 2225 incidit;
1242 2174 1316 2216 nifi
1339 2175 1453 2231 quod

101 2265 155 2292 ex
175 2250 466 2293 Chaldaeorum
485 2249 673 2291 sermone
691 2249 893 2291 derivavit
913 2249 955 2290 id
977 2261 1146 2300 nomen,
1177 2249 1221 2289 in
1243 2260 1327 2303 quo
1345 2242 1452 2304 paria

100 2329 168 2365 ter
195 2320 322 2377 dajdn
334 2319 514 2376 judicem
541 2313 770 2377 fignificat:
811 2328 854 2364 at
882 2319 1090 2371 Chaldaei,
1118 2321 1255 2376 quoad
1283 2321 1452 2376 quidem

101 2407 180 2437 nos
200 2395 392 2438 novimus
402 2420 416 2442 ,
457 2406 541 2436 non
575 2392 634 2436 ufi
661 2394 754 2436 sunt
784 2393 960 2436 articulo
991 2393 1230 2435 nominibus
1259 2391 1454 2449 praefixo.

100 2467 226 2517 Mihi,
254 2476 301 2509 ut
318 2467 453 2509 dicam
471 2467 583 2521 quod
602 2466 733 2508 sentio
742 2492 755 2518 ·,
785 2467 866 2509 toti
892 2464 990 2507 huic
1018 2465 1170 2508 rationi
1196 2466 1360 2507 videtur
1381 2465 1452 2507 ali·

100 2539 200 2594 quid
222 2537 347 2581 inesse
368 2539 540 2582 lubrici:
569 2538 702 2589 (conf.
719 2539 771 2581 ad
792 2552 880 2594 cap.
892 2543 970 2592 70,
985 2535 1045 2590 δι)
1075 2550 1154 2579 nec
1174 2544 1314 2579 tamen
1335 2538 1451 2592 quid-

101 2623 239 2666 quam,
268 2613 380 2667 quod
404 2611 560 2653 certius
577 2609 638 2660 fit,
665 2609 777 2654 &ne
796 2609 1009 2666 probabile
1034 2610 1203 2665 quidem
1225 2610 1451 2665 quidquam

101 2683 211 2725 aliud
224 2711 237 2732 ,
266 2694 350 2738 quo
377 2684 560 2726 nominis
581 2682 693 2726 illius
714 2683 781 2727 vel
800 2682 885 2726 vim
911 2682 981 2725 vel
1000 2682 1211 2739 originem
1227 2682 1451 2734 declarem,

101 2756 298 2811 equidem
322 2755 471 2798 habeo.

187 2825 302 2883 Veis.
330 2839 393 2870 11.
431 2817 459 2868 οἳ
477 2826 520 2869 δὲ
548 2822 627 2883 naq.
663 2822 718 2869 τοὶ
744 2820 786 2868 δὲ
813 2821 880 2883 καὶ
904 2822 1065 2882 Reg-.B.
1102 2823 1248 2869 invitis
1274 2823 1447 2870 vetustis

20 2955 25 2962 ι
96 2900 327 2943 codicibus
388 2899 482 2944 Post
513 2895 566 2943 τοὶ
594 2899 671 2954 μὲν
698 2900 850 2942 eodem
876 2900 1004 2943 modo
1032 2887 1060 2939 δὲ
1080 2897 1122 2939 δὲ
1138 2897 1320 2956 positum
1344 2901 1446 2941 vidi.

1351 2985 1449 3014 mus

1477 354 1667 364 ...-—.----

1481 390 1577 429 Vers.
1597 400 1635 437 7.

1488 955 1583 994 Vers.
1607 962 1639 997 8.

1491 1103 1583 1141 Vei-f.
1607 1113 1661 1141 10.

1485 2828 1580 2870 Vei-s.
1605 2839 1617 2867 1
1630 2839 1641 2867 ι
