1806 3262
408 302 491 348 132
839 301 1344 334 ADNOTATIONBS

409 409 470 453 tio
494 405 547 450 fit
568 402 753 464 Lystadoe
769 404 914 462 iegati,
944 416 1027 463 quo
1051 407 1208 450 certius
1227 405 1419 457 constat,
1436 402 1669 448 Achaicum
1685 400 1806 448 hoe

410 494 568 524 nomen
590 478 750 521 fuiflef‘
783 493 1012 522 Gnonov.
1044 498 1103 509 ·--
1163 476 1454 533 „Conjefturae
1484 475 1689 520 Gronovii
1713 476 1801 520 fa-

413 559 486 597 vet
503 551 574 593 ille
595 550 802 593 Pausanioe
825 552 970 602 locus,
1007 563 1048 606 p.
1069 548 1168 604 656.
1194 550 1267 592 ubi
1285 557 1475 606 tempora
1493 532 1785 605 Megalopolis

418 629 628 674 enarr'ans,
654 624 760 665 duos
783 629 944 665 tantum
966 623 1009 664 in
1030 636 1081 664 ea
1099 623 1199 666 urbe
1224 629 1426 677 tyrannos
1443 622 1502 664 mt
1518 620 1648 672 fuifl'e,
1679 621 1774 664 Ari·
1796 655 1802 658 .

417 696 666 746 stodemum,
692 693 750 744 δε,
780 695 937 737 duabus
951 694 1152 737 ‘aetatibus
1169 693 1275 750 post,
1307 688 1522 749 Λυδιάδην,
1554 692 1774 736 Cleomeni

420 767 668 824 aequalem.“
696 779 870 809 mnsx.
897 788 957 798 -
1011 766 1077 809 De
1097 766 1179 808 hoc
1199 766 1292 808 viro
1313 764 1357 809 ὅ(
1377 766 1465 821 ejus
1484 766 1662 817 nemine,
1675 778 1774 827 cpu-

379 880 381 882 ,
416 841 481 884 fer
499 852 594 895 quae
616 840 855 884 notavimus
876 839 928 881 ad
938 837 992 880 11.
1008 848 1078 892 44,
1093 846 1133 892 ς.
1150 851 1229 880 nec
1250 837 1454 882 dubitabis
1462 865 1476 891 ,
1501 843 1627 895 pute,
1657 833 1774 881 reste

419 912 534 955 hunc
559 911 704 955 locum
725 909 805 954 esse
829 925 853 953 a
873 911 995 955 nobis
1012 910 1294 953 emendatum.

205 434 300 476 vers.
324 444 378 471 ιο.

207 1048 432 1131 ιχξψίῃιη
662 1077 666 1081 .
771 1039 807 1084 C
837 1039 881 1084 A
909 1040 943 1084 P
973 1036 1016 1086 V
1047 1037 1089 1083 T
1146 1033 1429 1086 LXXVIII.
1486 1086 1489 1090 Α

239 1152 335 1191 Vers.
358 1162 389 1189 1.
504 1139 621 1200 Vers.
644 1156 680 1187 1.
709 1139 885 1190 Φιλίδας.
943 1140 1013 1185 Sic
1036 1140 1149 1197 Aug.
1168 1142 1272 1198 Reg.
1287 1142 1337 1184 A.
1356 1140 1401 1186 &
1418 1142 1517 1186 Bav.
1535 1137 1664 1184 sedin
1688 1140 1773 1182 hoe

421 1216 745 1274 superscriptum
765 1230 803 1262 v,
835 1215 945 1256 unde
965 1211 1138 1261 Φιλλίδας
1157 1214 1248 1258 edd.
1285 1212 1406 1257 Conf.
1425 1226 1514 1268 cap.
1526 1212 1646 1270 776.
1694 1211 1775 1255 Qec-

421 1285 563 1336 λεὶῖδας
582 1301 694 1330 nunc
713 1284 811 1330 Vat-
832 1285 877 1328 &
894 1280 1112 1334 Φικλοιῖδας
1114 1286 1226 1328 Flor.
1257 1307 1315 1318 -—-
1353 1283 1460 1329 Ibid.
1481 1284 1521 1329 Ἰ
1531 1272 1792 1334 υπὸινέῑιιξ

422 1363 463 1404 h.
483 1362 511 1403 1.
541 1361 649 1403 solus
679 1359 794 1414 Aug.
823 1359 890 1401 sed
922 1360 967 1402 in
995 1373 1050 1401 eo
1084 1358 1249 1401 videtur
1280 1359 1461 1415 primum
1488 1357 1605 1401 fuiss'e
1634 1356 1776 1401 Tura.

426 1428 558 1481 veiouc
579 1426 845 1487 (Τυαπαὶνειοι
863 1444 1020 1472 nornen
1038 1430 1160 1486 hujus
1186 1430 1330 1486 oppidi
1354 1430 1492 1473 editur
1512 1429 1621 1486 apud
1639 1429 1774 1474 Ptole·

424 1519 596 1549 maeum.
606 1503 628 1558 )
681 1501 938 1555 Τυμπανίοας
962 1503 1027 1545 ed.
1054 1511 1088 1545 1.
1107 1513 1145 1545 2.
1168 1516 1264 1545 cum
1283 1501 1384 1544 Bav.
1443 1500 1726 1550 Tvvrxulcuch.
1745 1502 1775 1545 1

426 1578 492 1620 ed.
510 1576 678 1620 Casaub.
695 1575 861 1631 &seqq-.
882 1575 975 1617 casu
993 1576 1141 1630 magis,
1170 1582 1285 1631 puto,
1314 1586 1438 1630 quam
1456 1572 1650 1619 consilio:
1678 1588 1775 1619 nam

424 1650 554 1692 iidem
583 1662 675 1704 cap.
698 1656 768 1703 77,
788 1660 831 1703 9.
858 1637 1100 1690 Τυπανοιίοὶν
1121 1647 1240 1697 dant3
1280 1659 1370 1702 cap.
1390 1656 1460 1701 79,
1479 1652 1519 1690 2.
1543 1660 1668 1699 vero,
1701 1641 1775 1694 τοὶς

426 1719 659 1768 Τυπανέας.
719 1719 802 1763 Sed
820 1719 861 1763 h.
883 1720 908 1763 l.
930 1720 972 1762 in
997 1717 1222 1768 Tvnoevloeoe
1251 1719 1512 1762 consentIunt
1540 1717 1645 1776 Reg.
1657 1719 1710 1763 A.
1730 1718 1775 1764 ὅτ

424 1794 538 1838 Flor.
601 1793 666 1835 Ex
697 1792 791 1838 Vnt.
819 1792 932 1835 nulla
962 1793 1010 1835 ab
1036 1793 1100 1834 ed.
1127 1803 1166 1836 2.
1196 1791 1465 1847 discrepantia
1494 1791 1563 1834 hic
1595 1799 1775 1837 nomtur.

434 1866 637 1922 Typaneis
661 1865 925 1919 morabatur,
954 1865 1109 1907 Perott.

246 1960 344 2000 Vers.
364 1971 399 1997 2.
515 1949 630 2008 Vens
652 1964 691 1995 2.
721 1948 931 2008 ἫΗραιέων
983 1949 1074 2006 ’.Ηρ
1067 1968 1101 1992 -c
1092 1945 1158 1992 ’ων
1177 1951 1239 1993 ed.
1261 1962 1286 1993 2
1305 1949 1350 1993 &
1370 1945 1455 2006 sqq.
1475 1954 1635 1994 temere
1655 1945 1730 1994 &
1716 1963 1776 1993 m·

426 2024 527 2067 vitis
549 2019 709 2067 msdlis.
763 2047 816 2057 —
877 2022 985 2066 Ibid.
1013 2018 1111 2079 πρδς
1141 2018 1214 2078 τήν
1235 2018 1489 2080 ’.Αλίφειροιν
1523 2014 1779 2079 Ἀλῖφυροιν

425 2097 491 2139 ed.
518 2109 553 2140 1.
576 2108 614 2139 2.
635 2095 679 2139 δι
698 2091 769 2151 τήν
792 2097 991 2140 omittunt
1011 2095 1218 2139 editiones
1239 2108 1408 2147 omnes3
1438 2101 1662 2151 utrumque
1679 2108 1776 2139 con-

424 2175 490 2212 tra
513 2170 706 2213 codicum
727 2167 868 2212 fldem.

248 2258 345 2299 vers
364 2268 398 2308 3.
516 2253 633 2312 Vers.
649 2269 686 2311 3.
717 2254 886 2310 ἔχοντος
906 2245 1087 2298 πλᾶσν’“
1063 2271 1086 2311 η
1109 2246 1205 2297 deux
1222 2251 1393 2297 σταδίων
1408 2247 1649 2310 πρόσβασιν
1684 2248 1779 2295 Tri.

426 2328 545 2384 ginta
578 2329 668 2370 sere
695 2328 920 2372 stadiorum
948 2328 1098 2370 itinere
1132 2327 1320 2370 adscendi
1344 2340 1420 2384 per
1449 2326 1615 2369 clivum
1630 2325 1674 2369 in
1694 2324 1777 2367 hoc

425 2400 650 2455 oppidum,
682 2401 738 2444 ait
755 2395 969 2444 Pausanias
996 2381 1108 2444 Vm.
1136 2398 1204 2443 26.

244 2491 342 2531 Vers-
359 2501 393 2534 5·
513 2484 627 2541 Vers.
650 2498 686 2541 5.
717 2484 812 2530 διότι
832 2488 911 2529 τῶν
927 2489 1076 2540 pacm.
1135 2485 1265 2530 Suum
1286 2483 1443 2528 restitui
1466 2481 1638 2529 austori.
1696 2481 1778 2527 Te-

426 2572 541 2600 mere
572 2551 632 2601 ’ὅτι
661 2574 757 2603 cum
784 2561 886 2617 Reg.
900 2560 946 2602 B.
958 2562 1002 2602 C.
1025 2559 1155 2602 edidit
1175 2558 1341 2602 casaub.
1399 2557 1449 2600 In
1481 2551 1579 2600 διότι
1610 2555 1775 2600 consen-

425 2631 538 2673 tiunt
557 2639 721 2675 veteres
746 2647 896 2675 ornnes
918 2633 1087 2675 codices
1107 2645 1203 2674 cum
1225 2633 1289 2672 ed.
1314 2643 1347 2672 1.
1373 2642 1411 2672 2.
1471 2652 1524 2664 —-
1586 2628 1779 2682 Ibifflffle·

426 2700 796 2761 γαλομερεστοίτων
823 2706 1017 2760 adoptavi
1045 2719 1095 2747 ex
1126 2702 1224 2748 Vat.
1245 2701 1288 2745 &
1307 2701 1417 2745 Fior.
1439 2701 1632 2746 ufitatum
1655 2701 1776 2758 Poly·

426 2775 496 2817 bio
526 2777 790 2820 vocabulum.
842 2797 901 2810 —
968 2776 1076 2819 Ibid.
1117 2775 1253 2820 Verba
1283 2769 1349 2829 καὶ
1384 2769 1695 2828 τεχνικωτάτων
1725 2787 1805 2815 ex

424 2846 646 2903 Reg.B.C.
668 2850 826 2893 orimus
848 2850 976 2892 edidit
994 2848 1276 2897 casaubonus,
1312 2846 1355 2890 δι
1383 2846 1611 2902 agnoscunt
1631 2842 1806 2931 εαάειῐιξ

426 2921 595 2963 codices
619 2919 716 2965 Vat.
741 2922 848 2965 Flor.
869 2921 915 2966 δι
934 2920 1067 2966 Vrsm.
1784 2934 1806 2995 ἐ

1669 2995 1806 3058 Ibid..}³5{
