1806 3262
479 203 556 232 An
589 201 802 231 Ροιῑη.
827 201 910 231 vx.
939 199 1002 231 10.
1039 202 1103 232 11.
1134 201 1199 233 12.
1426 197 1507 243 325

152 305 341 356 monuit,
368 309 439 346 aut
455 303 599 345 omissa
615 304 655 344 h.
676 304 702 346 l.
727 304 918 359 quaedam
938 302 984 345 &
1013 305 1225 358 praeterita
1255 302 1335 346 effe
1357 304 1406 346 ab
1425 303 1505 346 Ex-

152 382 371 431 cerptore‚
399 383 469 418 aut
489 376 623 417 alieno
643 375 741 416 loco
759 375 852 417 haec
875 374 955 417 esse
974 374 1125 430 posita,
1151 375 1194 418 &
1218 371 1434 430 referenda
1452 376 1502 417 ad

151 457 301 503 cap.5,
319 458 359 501 4.
388 448 480 503 post
503 448 676 490 verbum
705 444 1058 502 ἐπαπορηθέντων.
1119 446 1330 507 Continuo
1360 455 1501 488 tamen

146 518 223 563 filo
246 518 290 562 &
306 521 454 562 eadem
473 520 582 561 linea
593 533 689 562 cum
705 518 1040 575 praecedentibus
1053 526 1217 561 exarata
1234 519 1326 560 haec
1345 519 1499 560 habent

147 592 317 634 codices
339 605 501 634 omnes,
558 591 592 633 F
593 590 740 634 ortaffe
768 591 992 647 Polybius,
1029 590 1263 646 priusquam
1293 591 1343 632 ad
1367 589 1495 644 ipsam

143 662 320 718 Reipub.
343 664 543 706 Romanae
569 663 888 719 descriptionem
917 664 1263 719 progrederetur,
1293 661 1495 716 ampliore

144 735 282 790 aliquo
302 735 395 778 usus
415 735 472 779 est
489 737 663 778 introitu
681 748 691 777 ε
724 750 748 776 e
766 748 863 790 quo,
893 733 1172 790 praetermiffis
1192 734 1356 783 ceteris,
1387 733 1494 774 hanc

145 820 271 849 unam
290 807 532 850 sententiam
550 805 752 862 excerpsit
772 805 1041 862 Compilator.
1071 806 1128 849 Et
1146 806 1204 848 est
1221 806 1313 848 haec
1334 805 1493 847 senten-

143 879 203 936 tia
221 893 272 922 ex
305 893 449 922 earum
468 873 647 935 genere,
688 891 782 933 quae
814 878 913 928 alifis
944 880 987 936 in
1015 880 1162 921 codice
1190 878 1292 923 Vrb.
1314 876 1493 931 margini

142 949 236 993 sunt
253 951 482 1007 inscriptae;
520 952 572 993 de
595 964 677 1006 quo
703 965 860 1006 genere
871 950 958 1005 jam
984 950 1133 1006 saepius
1157 951 1354 993 diximus
1408 948 1492 1004 Eo-

143 1023 239 1065 dem
262 1025 475 1080 pertinent
490 1022 597 1074 illae,
626 1036 727 1078 quas
748 1023 791 1064 in
813 1021 898 1064 fine
917 1022 1038 1078 hujus
1059 1022 1154 1064 libri
1177 1036 1264 1079 cap.
1279 1031 1343 1078 59.
1364 1019 1490 1064 colle-

143 1091 233 1137 stas
255 1096 459 1137 dedimus.
1437 1084 1439 1086 V

228 1179 279 1223 V
271 1177 344 1234 ers}
366 1179 407 1224 6.
439 1175 502 1222 διαὶ
518 1174 680 1224 τούτων.
716 1176 779 1223 διαὶ
797 1174 983 1224 τοιούτων
1003 1180 1113 1223 Med.
1136 1199 1196 1213 ·-
1229 1176 1340 1236 Veis.
1362 1182 1402 1230 8.
1425 1172 1491 1234 ua)

143 1245 259 1304 τότε,
296 1251 350 1297 {³9³
379 1258 487 1296 tunc.
543 1253 714 1295 Scilicet
738 1260 926 1308 tempore
956 1253 1055 1296 belli
1079 1252 1358 1303 Hannibalici,
1401 1251 1492 1307 post

141 1337 326 1380 pugnam
345 1323 615 1367 Cannensem.
672 1324 779 1366 Mira
798 1326 908 1367 enim
930 1326 1056 1374 ratim
1097 1337 1176 1380 qua
1196 1331 1295 1366 tunc
1313 1322 1490 1382 Romani

138 1393 258 1438 brevi
277 1402 466 1451 tempore
493 1410 562 1438 res
588 1397 772 1452 perditas
798 1396 1082 1447 restituerunt,
1120 1395 1377 1438 occasionem
1396 1394 1491 1445 scni-

137 1468 251 1523 ptori
268 1469 502 1523 praebuerat
520 1469 625 1510 hanc
647 1466 938 1523 digreffionem
953 1468 1136 1510 faciendi·
1152 1469 1203 1510 de
1222 1467 1394 1522 Reipub.
1406 1467 1488 1508 Ro-

139 1551 275 1580 manae
293 1540 452 1590 forma3
482 1546 530 1582 ut
555 1540 637 1594 ipse
663 1539 860 1594 professus
882 1540 940 1582 est
967 1540 1041 1582 HL
1069 1544 1161 1589 118.
1193 1540 1302 1581 conf.
1315 1538 1391 1582 VI.
1417 1542 1491 1592 58*

141 1610 198 1652 Et
215 1625 266 1651 ex
283 1611 348 1653 his
371 1612 508 1653 verbis
530 1607 596 1666 noe)
607 1606 700 1653 τότε
719 1612 898 1666 intelligi
918 1612 1091 1662 videtur,
1122 1611 1243 1667 paulo
1263 1620 1358 1653 ante
1375 1611 1487 1652 hunc

135 1682 302 1734 locum,
338 1683 381 1724 in
404 1685 648 1725 memoriam
672 1681 899 1726 lestoribus
926 1675 1010 1725 suis
1032 1683 1242 1726 revocafl'e
1263 1683 1489 1738 Polybium

137 1753 285 1798 statum
302 1768 440 1797 rerum
459 1756 529 1810 qui
549 1769 601 1797 eo
617 1762 807 1811 tempore
829 1755 989 1797 fuerat:
1029 1758 1139 1811 quod
1166 1755 1297 1811 ipsum
1316 1756 1377 1806 se,
1405 1755 1487 1810 pri-

135 1826 303 1881 usquam
338 1829 387 1870 ad
416 1827 735 1882 disputationem
763 1828 815 1869 de
843 1827 1098 1882 Reipublicae
1125 1829 1324 1870 Romanae
1350 1827 1492 1868 forma.

136 1896 378 1942 tranfiturus
395 1897 516 1951 effet,
543 1897 748 1942 fastui-um
763 1899 960 1955 praedixit
981 1900 1032 1947 V.
1056 1913 1073 1944 1
1086 1913 1102 1944 1
1114 1913 1131 1943 1
1147 1929 1171 1955 ,‚
1191 1911 1259 1944 10.

575 2055 866 2102 CAPVT
922 2056 1038 2102 XII.

222 2152 338 2212 Vers.
362 2166 401 2199 2.
430 2150 484 2206 ἔα,-
510 2171 558 2200 τε
584 2153 658 2214 τὴν
681 2152 907 2215 σύγκλητον
924 2156 1008 2202 &c.
1067 2154 1115 2200 A
1137 2154 1387 2213 consulibus)¹
1414 2157 1485 2210 ait,

134 2226 293 2282 legatos
313 2229 354 2270 in
364 2226 554 2285 finatum
573 2229 776 2273 introduci
781 2227 942 2286 solitos.
999 2230 1050 2273 In
1070 2229 1148 2273 hac
1170 2244 1271 2272 vero
1297 2231 1485 2273 muneris

129 2309 248 2356 parte
268 2314 459 2357 quaenam
469 2301 688 2359 similitudo
708 2317 805 2345 cum
815 2305 934 2359 regia
952 2302 1157 2359 majestate
1179 2301 1285 2353 infit,
1313 2301 1484 2347 difficile

132 2372 246 2416 dicitu
266 2374 406 2418 suerit.
465 2373 661 2418 Praetoris
683 2375 829 2420 urbani
850 2388 922 2418 eas
948 2380 1086 2431 partes
1115 2373 1258 2426 fuifl'e,
1285 2374 1484 2430 intelligi-

133 2457 201 2493 tur
222 2460 273 2487 ex
293 2445 508 2488 Ciceronis
527 2447 656 2490 Acad.
677 2447 727 2489 ΙΙ.
745 2457 816 2502 45.
843 2446 889 2490 &
914 2447 1097 2504 Appiani
1116 2447 1300 2490 Mithrid.
1329 2461 1366 2489 c.
1376 2445 1417 2489 6.
1435 2446 1484 2490 δε

130 2514 431 2574 ipse'Polybius
456 2519 630 2562 innuere
657 2520 819 2564 videtur
837 2519 997 2565 XXIV.
1022 2532 1069 2571 2,
1089 2530 1132 2575 9.
1191 2517 1317 2568 Quod
1342 2525 1484 2561 tamen

130 2602 219 2638 mn
239 2589 436 2644 impedit,
473 2603 557 2645 quo
589 2591 727 2633 minus
754 2592 855 2634 olim
879 2593 929 2634 ad
954 2592 1165 2635 consulem
1195 2605 1246 2633 ea
1271 2604 1340 2633 res
1358 2592 1484 2648 perti-

131 2661 291 2712 nuerit,
320 2668 368 2704 ut
386 2661 533 2704 diserte
553 2662 595 2705 h.
613 2663 642 2704 l.
663 2663 774 2705 idem
793 2663 964 2719 scriptor
988 2663 1126 2706 noster
1142 2664 1282 2706 docet.

219 2744 328 2803 Vens,
348 2760 385 2802 3.
413 2747 493 2790 Pro
515 2748 594 2789 τῶν
623 2744 831 2801 δογμάτων
850 2750 1043 2792 mendose
1067 2750 1166 2792 dant
1191 2748 1259 2791 ἐπὶ
1276 2744 1484 2802 δογμάτων

134 2819 199 2862 ed.
219 2831 257 2862 1.
277 2833 374 2864 cum
394 2821 486 2864 cod.
506 2819 615 2865 Med.
673 2822 789 2866 Idem
802 2823 914 2866 Med.
935 2822 1043 2864 solus
1069 2822 1170 2866 vers.
1180 2832 1223 2878 4.
1241 2835 1339 2867 cum
1360 2823 1425 2866 ed.
1450 2835 1486 2864 1.

903 2894 946 2938 Χ
975 2906 999 2949 3
1428 2889 1492 2939 ἀεὶ

1546 315 1641 363 Verss
1655 314 1692 368 ’4.

1534 1160 1626 1202 Vers.
1638 1161 1671 1199 6.
1690 1164 1726 1201 8.

1519 2086 1605 2131 Cap.
1614 2083 1694 2120 ΧΠ.

1521 2159 1619 2199 Vers.
1637 2169 1672 2197 2.

1522 2747 1618 2787 Vers.
1639 2754 1670 2792 3.
