1780 3190
516 230 593 264 An
624 231 838 266 rotun.
867 234 920 265 x.
954 232 1018 279 19.
1353 222 1441 280 617

100 350 200 380 cum
215 336 319 394 Reg.
329 335 382 379 D.
390 335 439 380 E.
452 334 717 393 &Reg.F.b.
737 335 842 393 Reg.
853 334 903 379 G.
915 334 952 379 b.
973 336 1070 382 Ves.
1080 335 1118 381 b.
1135 336 1244 383 Tub.
1257 337 1296 383 b.
1331 341 1446 383 Men-

101 411 198 452 dose
226 408 246 451 ὁ
274 407 309 450 δ’
333 407 471 451 ὁποίαν
504 397 618 464 {mov
646 410 768 451 ed.1.
798 410 915 465 Aug.
945 409 1051 465 Reg.
1068 411 1113 454 F.
1128 410 1179 454 G.
1213 411 1309 457 Ves.
1335 414 1444 458 Tub.

99 480 241 524 omifl'a
269 481 471 539 particula
500 471 573 531 ἂν,
594 493 704 536 -quae
733 483 978 536 requiritur,
1014 495 1099 524 non
1128 485 1295 539 quidem
1317 493 1367 529 ut
1393 486 1445 530 ad

98 551 239 595 ὁποίων
256 554 496 606 referenda,
524 553 656 605 (conf.
676 551 834 595 Adnot.
854 555 903 595 ad
924 554 999 598 IX.
1019 567 1086 610 27,
1107 557 1168 611 9.)
1195 557 1262 599 sed
1284 559 1334 600 ad
1357 572 1447 602 ver·

97 626 196 670 bum
226 624 433 679 δέέοιθαφ,
477 626 521 669 in
556 625 684 668 modo
722 625 940 680 potentiali
971 626 1162 671 sumtum.
1230 629 1447 673 Nescimus

99 697 200 754 quid
213 700 291 742 ⁴det
311 697 416 743 Vrb.
434 713 459 740 e
479 710 563 753 quo
581 696 686 739 nihil
714 698 905 740 enotavit
926 695 1198 743 Casaubonus.
1255 700 1354 743 Alio
1385 715 1447 743 er-

95 775 194 816 rore
215 765 461 814 Suidasm'a’d'
479 766 690 812 ὁποιοισοῦν
719 757 854 826 §aqam
893 770 1183 826 in÷genitivo3
1219 775 1330 829 quod
1360 787 1446 817 non

96 843 314 894 videmus,
342 843 413 900 qui
431 841 608 900 probare
627 841 812 897 potuerit
828 840 1016 887 VrfinuS.
1079 864 1085 868 -

181 914 299 970 Vers.
311 925 351 971 5.
374 912 424 963 αἷς
439 914 517 968 μὲν
536 913 625 970 ἐμοὶ
642 912 757 956 don&
776 935 836 945 -
863 911 941 966 „259
959 921 1219 971 quapropter,
1245 915 1314 958 vel
1330 914 1445 959 adeo-

95 997 184 1044 que.
241 985 423 1032 Videtur
444 994 584 1029 tamen
603 985 802 1042 Polybius
821 987 960 1043 potius
980 987 1022 1028 h.
1041 987 1068 1031 l.
1097 977 1138 1036 ὃς
1164 987 1335 1040 dedifi'e,
1374 988 1447 1046 qui

92 1058 320 1103 latinismus
343 1061 383 1103 ei
402 1059 615 1103 familiaris
634 1058 716 1101 est:
765 1057 847 1114 Qui
865 1057 1040 1114 (Scipio
1060 1059 1191 1116 puta)
1217 1060 1315 1103 mihi
1339 1060 1446 1103 vide-

95 1136 169 1174 tur
197 1130 307 1177 &c.“
344 1144 517 1175 RsslsK.
547 1154 602 1165 --
660 1129 734 1174 Nil
761 1128 907 1173 cauffae
935 1143 1015 1172 nos
1046 1133 1213 1187 quidem
1242 1134 1447 1184 videmus,

94 1217 170 1246 cur
192 1204 415 1248 formulam
440 1204 553 1247 illam
585 1200 636 1251 ὥς
667 1201 758 1255 ἐμοὶ
781 1202 882 1245 δοκεῖ
901 1215 988 1244 non
1007 1205 1260 1265 pervulgata·
1278 1205 1347 1247 illa
1371 1219 1446 1246 no-

90 1275 238 1329 tione,
278 1276 326 1320 u‘t
357 1274 457 1320 mihi
481 1275 668 1326 videtur,
717 1274 983 1331 accipiamus
1053 1276 1300 1322 particulam
1333 1277 1446 1329 μὲν,

95 1360 231 1403 quam
257 1351 454 1406 ignorant
489 1349 619 1410 vulgo
651 1347 776 1398 editi,
826 1347 1070 1391 inseruimus
1100 1362 1195 1391 cum
1222 1348 1448 1405 Reg.D.E.

94 1418 307 1477 Reg.F.b.
327 1422 433 1478 Reg.
445 1418 494 1469 G.
505 1418 540 1464 b.
564 1418 661 1466 Ves.
672 1418 711 1462 b.
734 1417 893 1462 Tub.b.
952 1438 1008 1450 —
1066 1418 1173 1463 Ibid.
1202 1420 1295 1464 Post
1323 1422 1366 1464 ἐν
1391 1421 1449 1477 τῶ·

25 1549 31 1554 ⁴
93 1485 192 1550 ξῆν,
219 1493 522 1550 perspicuitatis
540 1490 694 1543 cauffa,
732 1492 866 1535 teneri
893 1492 1091 1535 debuerat
1119 1506 1296 1547 comma,
1335 1494 1448 1549 quod

94 1575 196 1608 cunr
212 1566 355 1615 msstis
373 1564 702 1621 interposuerant
719 1563 925 1606 editiones
936 1563 1180 1618 superioreS,
1201 1565 1381 1609 deletum
1396 1566 1447 1616 ab

92 1636 287 1681 Ernesto.
308 1659 367 1670 --
387 1634 498 1684 Ibid.
518 1633 694 1697 ἡδείας
712 1634 879 1678 Casaub.
890 1648 984 1677 cum
995 1636 1098 1692 Reg.
1109 1637 1156 1678 F.
1167 1635 1206 1679 b.
1228 1636 1332 1693 Reg.
1343 1635 1394 1678 G.
1404 1636 1446 1680 b

95 1695 310 1766 (putamus
323 1706 551 1754 &Vesont
563 1706 601 1750 b.
620 1706 666 1753 &
681 1706 793 1751 ·.Tub
803 1705 860 1762 b.)
898 1704 1008 1763 ἦδίας
1027 1709 1090 1750 ed.
1105 1721 1141 1751 1.
1157 1708 1268 1765 Aug.
1282 1709 1385 1765 Reg.
1395 1708 1448 1752 E.

95 1781 201 1838 Reg.
212 1779 264 1825 G.
280 1780 380 1826 Ves.
420 1777 545 1837 ἦδῖοιις
563 1780 670 1836 Reg.
678 1779 727 1824 F.
765 1776 885 1835 ἡδέως
898 1779 1007 1836 Reg.
1014 1780 1066 1823 D.
1107 1778 1268 1836 ἡδίστας
1285 1780 1449 1833 Suidas,

95 1855 210 1910 quod
229 1854 423 1911 probavit
439 1852 624 1898 Vrsinus.
680 1851 824 1895 Acute
849 1851 1056 1908 Scaliger,
1093 1867 1172 1910 pro
1200 1851 1309 1909 ἡδίοις
1335 1854 1448 1908 quod

95 1927 161 1970 ed.
179 1940 215 1970 1.
235 1927 376 1979 dabat,
406 1923 530 1974 ἰδίοις
553 1916 812 1970 scribendum
828 1923 1078 1981 conjecerat.
1133 1943 1192 1965 ·-.-·
1250 1925 1353 1968 Ibid.
1378 1916 1448 1981 nuk}

95 1991 205 2042 ’κ’σιτοέ
222 1998 338 2051 σῶμα
354 1993 420 2054 noe)
435 1992 544 2040 και-τοὶ
561 1991 722 2052 ψυχήν.
767 1996 955 2039 Priorem
974 1998 1217 2052 particulam
1237 1992 1326 2053 καὶ,
1351 2000 1448 2040 cum

94 2071 340 2127 ignorarent
355 2073 421 2114 ed.
443 2084 478 2113 1.
501 2069 546 2113 &
571 2081 610 2112 2.
639 2069 788 2126 adjecit
818 2067 1079 2118 Gronovius,
1115 2084 1167 2111 ex
1192 2069 1451 2113 Peiresciano

97 2143 268 2195 codice,
301 2150 352 2187 ut
381 2144 438 2188 ait
469 2144 513 2186 in
542 2141 668 2186 Notis
695 2141 820 2183 editis
840 2141 890 2184 ad
909 2141 1020 2183 hunc
1040 2141 1204 2190 locum,
1234 2141 1280 2185 &
1304 2156 1356 2183 ex
1379 2155 1450 2183 co-

99 2216 194 2257 dice
215 2214 490 2272 Lugdunenfi.
548 2213 689 2264 Quem
707 2220 847 2256 autern
867 2212 1167 2257 Peirescianum
1188 2220 1335 2265 vocat,
1362 2226 1449 2256 non

101 2287 293 2334 Peirescii
313 2288 382 2330 ille
395 2277 529 2330 codex
547 2286 620 2336 est,
648 2300 672 2326 e
694 2298 778 2340 quo
792 2285 923 2326 'editae
942 2284 1033 2328 sunt
1051 2285 1227 2342 Eclogae
1245 2288 1297 2329 de
1308 2286 1451 2330 Virtu-

98 2359 209 2402 tibus
230 2358 276 2403 &
293 2359 445 2411 vitiis,
473 2358 541 2401 sed
562 2358 621 2400 est
637 2355 781 2399 Codex
799 2356 955 2411 Regius
978 2356 1199 2409 Parisinus,
1229 2373 1253 2400 e
1274 2372 1357 2413 quo
1375 2358 1451 2400 Le·

98 2427 261 2473 stiones
286 2431 506 2474 nonnullas
535 2436 725 2472 enotatas
749 2429 878 2472 edidit
901 2428 1086 2472 Valefius
1104 2430 1146 2471 in
1168 2429 1253 2472 fine
1273 2431 1451 2486 Ecloga-

102 2517 216 2551 rum,
257 2519 309 2546 ex
324 2503 428 2546 Cod.
443 2502 616 2553 Peiresc.
635 2503 862 2547 editarum:
900 2501 958 2544 est
988 2508 1127 2544 autem
1153 2504 1230 2552 (ut
1243 2502 1328 2557 jam
1349 2500 1450 2545 alifis

103 2577 367 2628 monuimus,
398 2575 502 2619 &in
526 2574 689 2618 Praefat.
708 2573 760 2616 T.
779 2573 830 2616 11.
847 2586 888 2628 p.
903 2570 1032 2627 Χιν.)
1060 2574 1170 2615 idem
1200 2575 1268 2616 hic
1293 2573 1452 2625 Codex,

102 2661 227 2703 quern
245 2663 323 2693 nos
343 2647 446 2704 Reg.
458 2646 510 2690 E.
530 2645 843 2703 insignivimus:
884 2645 921 2686 is
948 2645 1078 2701 igitur
1106 2641 1172 2700 noc}
1200 2641 1307 2689 κατ-οὲ
1336 2646 1453 2698 σῶμα

99 2720 244 2772 habet,
284 2719 410 2776 (nam
438 2721 550 2779 quod
580 2714 646 2774 καὶ
673 2712 782 2760 κατ-οὲ
804 2712 860 2759 τὲ
882 2716 996 2768 σῶμα
1014 2716 1201 2761 Valefius
1221 2720 1304 2770 ait,
1335 2731 1454 2760 error

101 2792 208 2844 est3)
245 2791 289 2835 ὅτ
313 2795 463 2836 eodem
488 2793 615 2834 modo
635 2790 803 2847 ch.D.
823 2787 1030 2847 Reg.1?.b.
1049 2787 1095 2834 &
1112 2790 1217 2850 Reg.
1228 2789 1279 2835 G.
1290 2789 1327 2834 b.
1385 2784 1452 2847 me)

102 2860 213 2908 κατοὲ
228 2861 378 2924 ψυχήν
396 2861 464 2923 καὶ
483 2859 591 2909 κοντοὶ
607 2864 722 2916 σῶμα
743 2862 903 2907 Suidas.

774 2933 816 2986 Q
834 2947 861 2993 q
889 2943 915 2993 5
1341 2929 1457 2991 Vers-

1480 360 1574 402 Vers.
1591 372 1633 409 4.,

1480 917 1574 955 Vers.
1596 927 1631 965 ς.
