1780 3190
126 299 304 321 ῃ

148 349 243 390 Vers.
265 359 296 400 3.

168 2560 263 2602 Vei-s.
284 2573 322 2610 4.

330 212 417 258 616
765 215 1248 258 Annua-Auens!

331 327 469 378 causa,
507 327 611 386 Reg.
620 329 667 372 F.
678 326 717 372 b.
739 326 900 387 Vqsont.
911 326 948 371 b.
974 327 1057 372 &c.
1120 328 1279 373 Eadem
1306 327 1577 385 Fragmenta,
1614 341 1686 372 ex

333 409 460 468 cepto
481 401 554 443 illo
571 416 661 458 περ
650 399 859 457 ὶΜηδίοες,
901 401 1024 444 habet
1052 401 1179 444 etiam
1203 399 1346 444 Codex
1361 399 1465 456 Reg.
1475 399 1534 444 D.
1553 401 1590 444 is
1610 400 1684 457 qui

331 475 576 528 ceteroquin
596 473 755 518 nonnisi
773 474 982 529 Excerpta
999 474 1183 527 Antiqua
1200 486 1252 515 ex
1273 473 1388 517 sexto
1406 472 1532 517 Libro
1550 473 1684 515 conti

330 552 427 589 net:
458 544 560 588 sed
548 561 591 588 m
612 546 695 589 hoc
718 547 886 603 quidem
913 544 1029 588 recle
1055 545 1291 601 fragmenta
1309 545 1427 597 haec,
1462 558 1559 601 quae
1581 545 1686 588 dici-

331 630 449 665 mus,
487 615 546 660 ad
570 617 742 661 Librum
767 617 824 663 X.
852 615 1012 673 Polybo·
1046 617 1304 669 referuntur,
1343 629 1430 661 noa
1451 617 1503 661 ad
1530 617 1684 660 librum

333 688 452 735 XIX.
463 691 575 746 quod
597 704 648 733 ex
666 690 927 733 librariorum
945 690 1090 734 fraude
1106 690 1150 731 in
1169 689 1251 732 illis
1261 686 1417 732 fastum
1427 687 1500 740 est,
1528 689 1582 732 de
1591 689 1681 745 qui-

332 761 410 807 bus
431 762 552 817 paulo
570 769 665 805 ante
692 764 946 805 monuimus.
1004 760 1159 818 Confer
1188 773 1282 817 quae
1311 763 1363 803 de
1393 759 1687 804 omnibus'hiss

331 831 578 885 Codicibus‚
608 833 652 879 &
671 833 759 877 aliis
778 833 998 884 similibus,
1033 831 1142 876 dieta
1159 833 1251 878 sunt
1269 834 1311 876 in
1331 832 1582 876 Praefatione
1609 845 1687 876 no·

333 904 413 949 stra
432 903 829 962 TomoIl.praefixa,
861 918 1217 963 pag.v111-x111.
1255 904 1449 962 Denique
1466 905 1508 948 in
1526 902 1687 949 Codice

333 975 440 1032 Reg.
452 976 505 1020 E.
527 977 611 1031 (de
630 991 713 1032 quo
735 979 888 1022 ibidem
905 979 1109 1028 diximus,
1139 991 1180 1033 p.
1193 991 1300 1021 x111
1314 977 1422 1034 seq.)
1438 977 1687 1022 exhibentur

334 1049 537 1092 continuo
556 1047 630 1092 filo
644 1050 850 1107 Excerpta
858 1051 1046 1108 Antiqua
1063 1064 1116 1093 ex
1129 1048 1235 1092 libro
1248 1048 1301 1093 Χ.
1313 1065 1335 1092 a
1348 1063 1439 1107 cap.
1454 1062 1472 1094 1
1485 1077 1501 1087 -
1511 1059 1568 1094 20
1578 1055 1688 1093 extr.

333 1126 426 1164 tum
451 1123 575 1173 veru,
613 1122 892 1178 praetermissis
919 1122 1110 1180 reliquis,
1139 1122 1364 1178 sequuntur
1393 1136 1443 1166 ea
1470 1135 1566 1179 quae
1594 1121 1688 1165 sunt

332 1193 378 1237 in
397 1192 500 1236 edit.
515 1190 702 1238 Gronov.
723 1193 769 1238 &
787 1194 953 1240 Ernest.
978 1208 1067 1252 cap.
1088 1206 1171 1251 29-
1185 1206 1252 1249 37.
1273 1194 1396 1237 nobis
1418 1207 1508 1252 cap.
1523 1204 1690 1250 32-40.

334 1262 528 1320 Denique
546 1265 754 1310 historiam
766 1298 778 1319 ,
808 1281 904 1323 quae
922 1268 1004 1311 hoc
1021 1281 1112 1324 cap.
1138 1277 1204 1324 19.
1222 1263 1435 1319 narratur,
1464 1267 1516 1310 de
1535 1264 1688 1323 Scipio·

333 1337 399 1380 nis
419 1339 687 1393 continentia,
716 1353 770 1382 ex
791 1339 970 1396 Polybio
992 1346 1257 1396 excerptam,
1287 1338 1444 1382 Lexico
1469 1339 1595 1384 etiam
1616 1339 1690 1383 suo

336 1409 506 1453 inseruit
538 1410 685 1454 Suidas
718 1412 760 1453 in
790 1406 987 1460 Πόπλιος.
1044 1411 1294 1468 Ejusdemlv
1297 1423 1371 1453 ero
1399 1410 1463 1454 rei
1489 1404 1692 1456 memoria

336 1480 552 1526 nobilitata
569 1483 628 1526 est
645 1483 799 1526 celebri
817 1483 891 1526 illo
910 1491 1112 1540 argenteo
1134 1484 1335 1542 Scipionis
1353 1483 1522 1542 Clypea,
1555 1483 1628 1540 qui
1647 1483 1694 1526 ia

338 1541 599 1597 collectione
633 1554 761 1636 ‚Regis
793 1555 1064 1615 Nationisque
1093 1554 1239 1601 Gallo·
1250 1557 1506 1601 Francorum
1533 1553 1692 1599 Parisiis

338 1624 547 1679 servatur,
576 1626 695 1683 cujus
715 1628 1033 1685 descriptionem
1051 1629 1230 1672 Iacobus
1250 1629 1432 1687 Sponius
1458 1630 1519 1675 in
1512 1627 1692 1683 'Disqui-

337 1696 555 1764 sitionibus
575 1700 832 1756 Antiquariis
852 1699 1119 1755 (Recherches
1134 1700 1174 1745 d’
1195 1697 1430 1760 Antiquitd)
1448 1701 1576 1745 dedit.
1625 1699 1692 1743 De

339 1771 488 1813 eadem
509 1785 554 1812 re
570 1773 718 1814 confer
735 1773 900 1816 Livium
919 1774 1081 1819 XXVI.
1101 1784 1172 1829 50.

397 1841 532 1885 ...Ibat
553 1839 771 1893 συνειδότες
791 1844 1019 1902 scripsimus
1039 1861 1135 1890 cum
1156 1847 1260 1904 Reg.
1272 1845 1323 1889 D.
1343 1846 1449 1902 Reg.
1459 1844 1507 1889 F.
1518 1842 1557 1889 b.
1584 1842 1694 1901 Reg.

342 1910 395 1956 G.
405 1911 442 1956 b.
471 1913 692 1959 Vesont.b.
715 1917 760 1962 &
783 1918 938 1962 Tub.b.
997 1915 1219 1967 συνιδόντες
1239 1920 1330 1962 edd.
1348 1917 1512 1975 Reg.E.
1531 1915 1694 1967 Suidas,

341 1977 603 2044 putamus&
624 1989 724 2034 Vrb.
745 1988 789 2033 δι
807 1991 916 2034 Med.
965 1986 1199 2034 συνιδόντων
1216 1992 1331 2048 Aug.
1349 1990 1515 2047 RegAE.
1528 1986 1580 2032 G.
1599 1987 1695 2033 Ves.

345 2056 454 2100 Tub.
467 2058 586 2102 sedin
599 2061 709 2117 Aug.
722 2063 829 2106 inter
838 2062 969 2106 lineas
981 2064 1248 2121 superscripta
1257 2063 1314 2107 est
1324 2062 1554 2106 terminatis
1568 2076 1623 2112 ⁸02
1637 2081 1698 2093 -·

342 2126 451 2173 Ibid.
491 2128 712 2189 φιλογύνην
746 2134 838 2178 edd.
874 2136 1224 2180 consentientibus
1258 2136 1402 2179 msstis
1433 2134 1624 2176 omnibus
1652 2132 1698 2175 iu

345 2200 450 2244 serie
468 2202 787 2262 Excerptorum.
837 2203 1056 2260 φιλόγυνον
1077 2207 1241 2265 Reg.G.
1254 2205 1292 2250 b.
1313 2203 1536 2253 Vesont.b.
1579 2206 1698 2248 Pror-

346 2272 414 2315 sus
446 2285 642 2332 corrupte
670 2274 900 2330 Φιλογῦνσω
929 2280 1032 2338 Reg.
1045 2282 1089 2323 F.
1102 2279 1139 2325 b.
1198 2274 1461 2335 φιλογύναιον
1479 2277 1626 2321 Suidas
1655 2276 1700 2319 in

347 2339 542 2396 Πόπλιος.
602 2347 686 2393 Sed
706 2352 947 2404 videndum,
974 2368 1023 2395 an
1048 2354 1096 2396 ad
1116 2354 1335 2410 Polybium
1356 2351 1620 2394 referendum
1639 2346 1700 2398 fle,

348 2419 461 2474 quod
482 2421 525 2462 in
544 2420 643 2464 serie
659 2423 792 2466 literae
816 2423 851 2467 Φ
871 2424 981 2467 idem
1016 2423 1185 2476 Suidas,
1224 2425 1338 2467 nullo
1367 2424 1538 2481 quidem
1562 2420 1699 2466 adlato

347 2492 564 2544 exemplo,
594 2492 648 2537 fic
669 2495 816 2539 habet:
857 2492 1084 2547 Φιλογύνις,
1114 2492 1376 2551 φιλογύνιδος.

444 2561 556 2621 Vers.
575 2575 615 2619 4.
645 2565 916 2610 Commodius
945 2570 1150 2612 delebitur
1181 2584 1346 2612 comma
1377 2567 1466 2623 post
1490 2563 1701 2611 καταπλα-

348 2627 455 2683 γεὶς,
483 2642 530 2679 ut
557 2636 637 2680 hoc
669 2639 841 2683 verbum
875 2640 990 2683 fimul
1021 2655 1113 2684 cum
1140 2642 1324 2697 sequenti
1344 2633 1566 2691 θαυμάσας
1587 2637 1636 2680 ad
1652 2629 1702 2677 τδ

348 2700 496 2754 κοῖλος
515 2709 729 2756 reseratur.
787 2711 856 2757 Sic
884 2714 1196 2764 κατωπλαγὲἲσοε
1215 2708 1259 2756 τὸ
1278 2711 1438 2767 πλῆθος
1457 2706 1521 2766 not)
1542 2705 1587 2752 τὰ
1606 2703 1704 2751 κοίλ-

349 2776 419 2825 λος
438 2778 492 2823 ΙΙ.
515 2783 555 2830 8,
573 2791 612 2837 4.
632 2781 675 2826 &
697 2782 835 2838 pamm
857 2785 966 2830 alibi.
1021 2808 1079 2817 —
1139 2785 1243 2829 [bid.
1272 2779 1374 2840 {idm-2
1403 2778 1464 2827 ἄν.
1520 2773 1570 2825 ἂν
1597 2773 1704 2837 ἥδιον

348 2847 463 2894 Suid.
514 2872 574 2886 ·-
627 2851 734 2901 Ibid.
758 2852 837 2902 οὐδ’
858 2855 998 2904 ὁποίαν
1018 2850 1068 2904 ἂν
1087 2847 1216 2918 {Wun-
1262 2858 1331 2906 Sic
1350 2856 1515 2904 Casaub.
1533 2854 1576 2902 &
1594 2853 1703 2908 seqq·

1602 2937 1703 2971 cum
1773 2933 1775 2939 '
