1806 3262
347 249 438 297 434
784 244 1274 284 nonoris-noun

131 322 320 372 ’ἓξὲξ
348 368 429 398 cue
452 352 633 409 intelligi
661 347 849 403 videtur,
877 351 1215 407 {disputationem
1244 350 1351 393 hanc
1385 351 1465 395 alia
1491 347 1725 411 occasion&

348 424 468 470 fuiffe
499 426 740 468 institutam.
797 423 855 466 Et
882 436 933 466 ex
964 421 1227 479 oppofitione
1266 424 1434 479 quidem
1463 423 1716 467 calamitatis

345 499 524 550 Achaei,
556 511 678 554 quam
703 509 803 539 mox
829 493 1111 550 expositurum
1134 493 1173 536 se
1194 493 1420 550 fignificat,
1458 495 1578 551 cujus
1605 494 1710 538 cala-

347 571 509 615 mitatis
536 569 699 612 causam
732 567 887 610 nullam
918 565 994 621 ipfi
1022 566 1184 609 Achaeo
1210 566 1336 609 tribui
1359 565 1472 623 pofl'e
1491 568 1570 618 ait,
1605 581 1708 623 quo-

349 644 466 686 niam
484 643 728 692 isomnem,
755 653 850 695 quae
869 638 961 680 fieri
978 646 1156 694 poterat,
1185 639 1424 681 cautionem
1442 640 1708 682 adhibuerat:

343 729 406 760 ‘aex
436 715 510 758 ista
539 714 669 770 igitur
705 710 965 767 oppositione
982 740 996 760 ‚
1055 710 1208 753 colla-ta
1234 724 1331 756 cum
1361 710 1449 765 ipso
1479 711 1599 755 initio
1627 710 1706 754 hu-

344 787 416 847 jus
437 785 682 842 fragmenti,
710 783 889 839 intelligi
911 782 1090 833 videtur,
1118 781 1202 824 hoc
1222 782 1319 825 loco
1339 781 1569 838 expositum
1589 782 1707 825 fuiffe

350 858 566 913 aPolybio
585 856 723 899 casum
731 855 929 904 hominiS,
959 853 1027 909 (δι
1036 854 1206 910 quidem
1224 854 1343 897 ducis
1361 855 1590 910 copiarum,
1616 852 1708 912 ἦγε.

347 926 470 985 μόνος
480 958 492 978 ,
522 930 618 973 vide
637 941 728 983 cap.
744 940 779 979 ι,
791 927 855 979 2.)
873 927 944 982 qui
964 926 1034 968 sua
1052 928 1227 981 quadam
1247 926 1369 982 culpa
1385 926 1537 983 suaque
1553 928 1707 986 impru-

346 1003 492 1047 dentia
509 1002 553 1043 in
573 1000 738 1044 cladem
759 999 984 1050 inciderat,
1018 996 1064 1041 &
1095 999 1237 1053 copias
1261 997 1336 1041 fibi
1356 998 1588 1042 commifi'as
1611 1013 1707 1056 per-

348 1076 526 1117 diderat.
584 1071 781 1122 Quisnam
801 1085 900 1114 vero
915 1070 986 1113 ille
1006 1069 1076 1122 fit,
1107 1070 1288 1126 reperire
1310 1071 1444 1116 adhuc
1462 1085 1549 1114 non
1569 1073 1706 1128 potui·
1755 1087 1759 1089 ·
1804 1064 1806 1109 ἶ

348 1160 460 1190 mus·
482 1146 559 1189 Pro
568 1158 621 1187 eo
635 1145 793 1195 ordine,
805 1157 930 1199 quem
940 1142 1040 1184 alifis
1051 1141 1267 1198 Polybius,
1280 1155 1331 1183 ex
1342 1155 1426 1198 quo
1437 1145 1570 1200 coepit
1581 1144 1704 1188 histo-

350 1220 548 1274 riamper
563 1215 747 1272 fingulos
769 1229 899 1258 annos
917 1216 1135 1270 digerere,
1165 1215 1281 1268 (inde
1303 1214 1352 1257 ab
1370 1214 1544 1272 Olymp.
1564 1203 1704 1260 εχιτ.-

346 1292 401 1333 nb
423 1290 476 1332 A.
497 1287 551 1333 V.
573 1286 701 1343 539.)
730 1295 875 1330 tenere
899 1287 1133 1339 consuevit,
1172 1293 1221 1328 ut
1247 1287 1441 1343 cujusque
1465 1289 1560 1331 anni
1579 1289 1704 1332 histo-

348 1363 455 1406 riam
475 1377 498 1403 a
518 1362 642 1404 rebus
661 1361 704 1402 in
722 1360 840 1402 Italia
858 1359 986 1415 gestis
1007 1360 1235 1415 inciperet,
1273 1366 1364 1403 tum
1385 1362 1435 1403 ad
1455 1374 1523 1403 res
1542 1359 1715 1404 Siculas-

351 1434 702 1490 progrederetur,
741 1446 789 1474 ac
820 1433 971 1474 deinde
997 1433 1165 1475 demum
1185 1433 1235 1475 ad
1255 1445 1324 1474 res
1343 1433 1388 1475 in
1408 1433 1499 1475 aliis
1521 1433 1702 1489 regioni-

348 1507 428 1549 bus
449 1505 584 1561 gestas
604 1511 873 1547 converteret
890 1504 1192 1547 narrationem:
1221 1517 1297 1560 pro
1319 1504 1392 1548 illo
1412 1505 1544 1561 igitur
1560 1518 1702 1548 rerum

348 1579 498 1620 ordine
518 1577 836 1619 consentaneum
855 1576 912 1618 est
924 1607 936 1627 ‚
973 1582 1022 1619 ut
1040 1575 1177 1619 casum
1196 1589 1291 1619 eum
1302 1607 1316 1628 ,
1350 1577 1422 1632 qui
1442 1575 1700 1621 occafionem

338 1651 466 1692 >dedit
488 1649 667 1705 Polybio
685 1649 782 1692 haec
802 1648 1056 1703 disputandi,
1084 1648 1152 1693 vel
1171 1649 1214 1690 in
1233 1648 1352 1691 Italia
1373 1649 1562 1692 accidiffe
1581 1655 1699 1706 pute-

346 1734 456 1772 muS‚
485 1722 550 1763 vel
568 1723 612 1764 in
634 1721 789 1763 Sicilia.
847 1720 956 1763 Nam
976 1733 1070 1775 quae
1088 1720 1237 1763 deinde
1256 1721 1478 1777 sequuntur
1493 1722 1700 1778 fragmen·
1770 1745 1773 1749 s

345 1802 414 1844 ta,
443 1794 566 1849 (cap.
588 1804 612 1847 5
627 1793 771 1849 seqq.)
797 1806 848 1834 ex
878 1793 1003 1835 rebus
1025 1793 1068 1835 in
1086 1793 1224 1836 Sicilia
1245 1793 1316 1837 sub
1336 1793 1465 1836 finem
1485 1795 1580 1837 anni
1601 1804 1698 1849 540.

343 1865 474 1921 gestis
495 1873 693 1920 excerpta
712 1865 828 1907 sunt:
861 1877 955 1919 quae
982 1878 1084 1906 vero
1107 1878 1196 1921 cap.
1219 1865 1304 1921 3sq.
1329 1866 1548 1909 exhibetur
1565 1868 1698 1923 dispu·
1770 1889 1772 1893 v

344 1937 450 1980 tatio
463 1967 477 1989 ,
515 1951 565 1978 ea
585 1945 726 1979 utrum
747 1950 797 1978 ex
815 1935 1032 1978 occasione
1049 1951 1188 1979 rerum
1204 1939 1245 1979 in
1265 1938 1384 1980 Italia
1408 1938 1616 1994 gestarum
1636 1941 1699 1983 in«

345 2008 484 2052 stituta
502 2008 571 2060 fit,
603 2023 654 2051 an
683 2007 899 2052 occasione
927 2010 1025 2053 novi
1048 2008 1264 2065 gravisque
1289 2010 1387 2053 belli
1403 2012 1446 2054 in
1466 2010 1607 2055 Sicilia
1625 2013 1697 2055 ad-

346 2080 491 2124 versus
521 2080 802 2138 Syracusanos
832 2094 856 2122 a
883 2081 1081 2124 Romanis
1109 2081 1303 2137 suscepti,
1338 2083 1517 2126 dubitari
1546 2084 1696 2141 potest,

342 2165 595 2208 quamquam
624 2153 707 2195 hoc
734 2153 902 2207 quidem
930 2153 1051 2195 nobis
1082 2152 1353 2198 verosimilius
1373 2155 1550 2200 videtur.
1604 2155 1696 2201 Iam

343 2238 449 2266 veno
467 2226 511 2266 in
528 2224 647 2267 Italia
668 2227 774 2280 apud
796 2225 959 2270 Livium
980 2226 1169 2281 quidem,
1205 2227 1276 2282 qui
1303 2234 1443 2269 tamen
1461 2241 1529 2270 res
1549 2228 1593 2271 in
1613 2227 1694 2271 Ita-

340 2294 398 2338 lia
425 2297 562 2352 gestas
592 2298 781 2352 inprimis
811 2297 978 2352 copiose
1006 2312 1217 2353 exponere
1238 2299 1472 2351 consuevit,
1506 2300 1550 2343 in
1570 2299 1694 2356 huius
1797 2343 1801 2352 ‚

334 2365 438 2409 anni
453 2368 838 2422 540.historianihil
851 2370 1094 2425 reperimus,
1124 2370 1619 2427 quoddisputationihuic
1638 2373 1691 2415 de
1788 2364 1803 2438 ³}

340 2452 425 2494 qua
445 2441 693 2496 quaerimuS,
725 2441 774 2483 de
790 2443 973 2485 cautione
990 2443 1031 2486 in
1040 2442 1128 2500 fide
1149 2441 1331 2486 habenda
1349 2442 1545 2500 hostibus-5,
1573 2457 1691 2488 occa·
1787 2440 1803 2506 'j

340 2508 499 2554 fiunem
530 2514 627 2555 dare
661 2512 782 2554 facile
810 2515 1009 2568 potnerit.
1065 2516 1112 2556 ln
1133 2516 1255 2558 rebus
1277 2515 1428 2558 Siculis
1448 2529 1568 2567 vero,
1597 2523 1693 2559 ante

339 2581 571 2639 susceptum
589 2599 615 2626 a
634 2585 832 2627 Romanis
862 2587 1049 2641 pertinax
1077 2587 1178 2631 illud
1201 2602 1294 2631 cum
1318 2586 1585 2643 Syracusanis
1608 2587 1692 2630 bel·
1792 2579 1803 2645 ξ

336 2646 443 2705 -Ῑιιιηρ
471 2658 658 2699 occurrit
677 2659 785 2712 apud
805 2658 969 2702 Livium
991 2660 1149 2702 mentio
1167 2658 1344 2714 poewlidii
1362 2657 1550 2713 Romani,
1578 2659 1692 2716 quod
1791 2656 1802 2674 '²

336 2726 392 2766 ab
410 2726 553 2782 Appio
577 2729 750 2771 Claudio
779 2730 829 2771 ad
859 2731 1038 2772 tuendos
1069 2731 1273 2773 sociorum
1304 2745 1429 2786 agros
1449 2733 1582 2775 fuerat
1602 2731 1692 2775 mis-

337 2795 447 2848 sum,
487 2799 594 2841 inter
617 2801 860 2843 conditiones
880 2803 999 2857 pacis
1025 2802 1235 2858 interfeffi.
1260 2802 1503 2848 lib.xx1V.
1522 2819 1557 2847 c.
1570 2814 1624 2860 29
1634 2801 1701 2864 'sqs

330 2867 440 2913 Eam
464 2870 767 2927 calamitatem,
813 2886 939 2941 quam
970 2873 1130 2917 nonnisi
1158 2876 1355 2919 brevibus
1380 2876 1525 2921 verbis
1548 2875 1696 2938 tetigit

1528 2947 1686 3004 Livius,
