1780 3190
308 187 393 248 568
730 192 1231 231 Anno-ranoxus

103 300 278 313 “““““”“’““
304 303 458 350 edidit,
485 302 552 346 sed
569 301 611 345 in
631 305 742 344 msto
765 299 813 345 &
831 301 875 343 in
894 300 1065 346 Herone
1087 299 1200 344 edito
1225 297 1285 343 est
1299 293 1514 353 Ἀχινεόῖς.
1543 295 1658 354 quod

307 391 360 420 ex
380 372 602 429 Ἐχιναιέἱς
619 375 765 430 utique
782 381 1023 429 corruptum
1043 372 1218 414 videtur.
1267 370 1376 415 Nam
1394 370 1505 426 quod
1522 368 1565 411 in
1584 379 1663 417 orn

309 446 491 494 Herouis
515 447 617 490 editi
639 446 866 502 quaeritur:
920 442 991 489 An
1011 439 1254 498 Ἐχιναᾶςῗ
1279 442 1324 487 in
1342 457 1397 487 eo
1416 441 1661 500 scripturam

312 518 540 565 casauboni
557 519 603 563 in
618 524 759 563 mente
773 516 917 561 habuit
935 517 1084 562 editor.

83 636 299 695 emma,
727 630 763 674 c
793 633 832 676 Α
863 631 895 674 Ρ
925 629 967 676 V
995 628 1037 674 Τ
1091 627 1267 695 XLII.⁴

133 738 231 780 vers.
249 748 283 781 ι.
384 751 386 753 >
412 726 527 790 Verfi
548 745 583 779 1.
609 727 791 782 Πόπλιος
812 728 931 777 ὁτῶν
949 727 1153 783 Ῥωμαίων
1171 730 1253 777 &c.
1300 729 1368 776 Ex
1382 728 1508 775 Libro
1524 737 1670 774 manu,

323 805 478 862 scripto
499 805 716 862 Anonymi
734 804 918 855 Tafflci,
943 812 993 847 ut
1010 805 1090 851 ait.
1118 806 1277 861 primus
1295 802 1377 846 hoc
1398 807 1525 858 caput
1543 795 1673 844 edidit

324 877 588 923 casaubonus
613 878 657 921 in
681 877 942 934 Fragmentis
969 877 1147 933 Polybii.
1201 875 1353 932 (Conf.
1380 873 1676 918 Praefationem

325 949 520 1005 nostram,
547 949 688 993 Tomo
706 949 739 992 1.
760 949 923 1006 Polybii
943 948 1202 1006 praemissam,
1230 961 1326 1007 pag.
1354 961 1417 1004 13.
1436 939 1674 997 num-IX.)

330 1021 381 1067 ln
410 1021 590 1064 Heronis
618 1021 802 1065 editione
823 1021 979 1077 legitur
1004 1023 1046 1064 id
1061 1022 1367 1078 ¹>Fragmentum.
1385 1034 1426 1077 p.
1447 1029 1544 1074 323.
1601 1015 1678 1059 Mi·

330 1105 427 1136 rum
447 1106 547 1135 vero
570 1093 630 1137 est
655 1094 767 1150 quod
792 1094 944 1138 accidit
963 1094 1005 1149 h.
1023 1094 1050 1137 l.
1074 1106 1390 1137 cASAvnono.
1447 1091 1556 1135 Nam
1575 1089 1679 1147 licet

332 1163 597 1219 imperatoris
627 1165 801 1208 Romani
826 1179 988 1209 nomen·
1005 1167 1068 1208 bis
1095 1168 1138 1209 in
1167 1167 1249 1210 hoc
1276 1166 1553 1223 Fragmento,
1587 1152 1681 1217 Πὸ·

336 1236 508 1284 αλιος,
541 1237 688 1280 diserte
715 1239 886 1289 edatur,
914 1248 995 1282 trec
1013 1237 1152 1282 Marci
1175 1239 1298 1282 ullius
1314 1237 1388 1280 fiat
1406 1236 1588 1287 menti03
1623 1239 1684 1277 ta·

337 1317 434 1354 men
445 1338 458 1359 ,
490 1310 661 1364 perinde
680 1323 728 1352 ac
749 1308 779 1351 fi
799 1305 965 1367 Μάρκος
983 1311 1206 1368 legeretur,
1233 1310 1340 1353 hanc
1358 1307 1687 1352 Adnotationem

338 1379 488 1436 adjecit
507 1381 603 1424 ille:
631 1404 690 1414 —-·
726 1383 927 1433 „Marcus
944 1382 1114 1434 Consul,
1140 1383 1198 1428 est
1214 1383 1272 1429 M.
1289 1382 1460 1429 Fulvius
1485 1378 1688 1430 Nobilior,

340 1451 415 1508 qui
434 1465 530 1496 cum
550 1453 715 1510 collega
736 1454 812 1499 Cn.
828 1456 983 1500 Manlio
1003 1455 1188 1501 Volsone
1208 1456 1414 1500 honorem
1431 1451 1547 1496 illum
1570 1446 1691 1508 gefflt

343 1523 452 1569 eirca
467 1523 595 1567 finem
613 1526 875 1584 Olympiadis
897 1542 1098 1573 cxnvu.
1121 1527 1292 1587 [nempe
1307 1526 1362 1572 A.
1371 1525 1426 1570 V.
1441 1522 1560 1584 565·]
1609 1521 1692 1566 Hie

345 1591 380 1639 F
382 1594 512 1638 ulvius
543 1611 639 1640 cum
669 1601 856 1644 exercitu
883 1601 927 1644 iu
954 1601 1128 1658 Epirum
1149 1599 1193 1644 δι
1215 1599 1420 1645 Graeciam
1443 1595 1605 1640 venit.“
1631 1611 1693 1628 ⁴-

347 1665 439 1712 1m0
459 1681 558 1713 vero
574 1671 627 1713 de
645 1669 791 1714 Publio
809 1674 969 1729 agitur,
998 1686 1083 1716 non
1105 1674 1158 1716 de
1176 1673 1351 1716 Marco:
1385 1669 1431 1715 δι
1450 1669 1504 1713 Α.
1525 1667 1579 1711 V.
1597 1673 1695 1722 544.

350 1750 438 1783 uon
469 1741 564 1799 565.
593 1745 776 1799 pertinet
801 1745 892 1788 haec
921 1759 1001 1788 τες.
1067 1745 1241 1788 Publius
1273 1743 1424 1801 igitur,
1469 1753 1595 1797 quem
1623 1738 1695 1786 hie

351 1810 459 1856 dixit
480 1812 698 1870 Polybius,
739 1816 797 1860 est
818 1817 870 1862 P.
889 1817 1091 1873 Sulpicius
1112 1817 1281 1864 Gallum
1321 1815 1393 1872 qui
1419 1827 1516 1859 cum
1545 1807 1699 1855 Consul

352 1881 457 1928 ess'et
475 1883 591 1929 A.V.
606 1896 701 1942 543.
718 1888 787 1930 sub
807 1888 936 1934 finem
957 1891 1045 1946 ejus
1067 1890 1162 1933 anni
1180 1890 1222 1931 in
1240 1886 1526 1933 Macedoniam
1543 1881 1700 1930 missuso

331 1954 530 2001 ··Laevino
555 1958 750 2004 succeffit.
782 1962 877 2004 vide
896 1962 985 2006 Liv.
1002 1960 1161 2007 XXVI.
1185 1972 1252 2003 22.
1310 1959 1539 2013 Eidemque
1558 1967 1702 2011 proro-

358 2035 504 2084 gatum
534 2030 577 2072 in
605 2031 842 2086 sequentem
871 2047 1023 2076 annum
1052 2034 1272 2090 imperium
1299 2031 1378 2082 est,
1412 2030 1490 2072 hac
1509 2029 1626 2084 lege,
1654 2030 1704 2068 ut
1728 2031 1732 2037 ’

360 2112 514 2144 arnonem
533 2104 775 2156 exercitum,
805 2111 961 2160 prater
964 2104 1099 2167 socios
1117 2105 1307 2158 navales,
1333 2103 1552 2161 ‚iuberetur
1572 2097 1706 2145 dimit-

361 2177 460 2216 tere.
491 2173 576 2217 Liv.
598 2175 758 2220 XXVI.
779 2181 846 2228 28.
904 2178 1050 2233 Itaque
1071 2178 1212 2221 Aetoli
1232 2177 1422 2233 quidem,
1447 2180 1495 2216 ut
1510 2173 1567 2215 ait
1585 2169 1708 2224 Poly-

361 2242 455 2288 bius
476 2245 518 2287 in
538 2246 773 2302 fragmento
791 2249 930 2291 nostro
950 2249 1051 2293 vers.
1064 2262 1103 2292 2.
1123 2249 1298 2305 pedestri
1315 2246 1502 2291 exercitu
1518 2245 1567 2288 ad
1585 2240 1709 2285 Echi-

362 2326 463 2358 num
487 2317 761 2371 aecess'erunt,
792 2320 959 2365 Publius
979 2335 1079 2364 vero
1101 2335 1196 2364 cum
1214 2321 1280 2363 sua
1302 2315 1709 2370 claffe,‚Philippum

366 2385 571 2448 σοαξὶυιζί,
602 2391 648 2432 ut
670 2391 718 2434 ab
738 2395 1049 2451 oppugnatione
1068 2393 1296 2439 desisteret:
1327 2392 1395 2434 sed
1423 2390 1586 2443 utrique
1606 2381 1710 2428 nihil

367 2459 418 2502 ad
437 2459 683 2506 liberandam
714 2465 865 2506 urbem*
884 2466 1163 2520 profecerunt.
1221 2465 1338 2507 Idem
1365 2461 1573 2515 Sulpicius
1601 2453 1726 2512 apud·

367 2527 560 2574 Nostrum
583 2534 650 2578 lib.
665 2535 717 2580 X.
737 2548 805 2590 41,
833 2549 867 2581 1.
893 2538 1028 2579 rursus
1058 2536 1293 2593 simpliciter
1318 2529 1499 2580 Πόπλιος
1518 2537 1713 2580 Ανρΰῡῑωῐὸ

366 2600 410 2645 in
433 2603 554 2647 rebus
575 2607 667 2648 anni
690 2607 737 2649 ab
761 2607 811 2654 V.
832 2608 877 2653 C.
902 2610 995 2663 546.
1015 2616 1138 2664 atque
1157 2609 1281 2651 etiam
1299 2614 1389 2649 tum
1409 2603 1516 2648 classi
1533 2598 1715 2660 praefuit,

368 2684 462 2718 narn
485 2687 560 2730 per
580 2677 717 2732 plures
739 2681 961 2723 continuos
989 2694 1119 2722 annos
1143 2680 1364 2735 quotannis
1384 2680 1657 2738 prorogatum
1668 2669 1716 2716 -θῖ

367 2741 584 2803 imperium
609 2749 677 2792 est.
708 2751 759 2795 cf.
782 2752 870 2797 Liv.
889 2751 1068 2797 XXVII.
1090 2764 1156 2797 22.
1177 2751 1262 2794 διο.

452 2816 558 2864 [bid.
582 2815 832 2877 Ἐχινοαέων.
864 2825 955 2870 vide
977 2825 1028 2870 ad
1051 2838 1139 2883 cap.
1160 2834 1231 2881 41,
1257 2836 1321 2871 ιι.

1600 2880 1718 2942 Vers-
