1780 3190
398 224 477 257 ΑΒ
507 204 724 261 rot-'xm
753 227 805 259 x.
825 223 904 259 '20,
932 225 1001 259 21.
1029 227 1105 260 22..
1345 212 1428 259 621

80 338 249 380 amnes
300 327 378 374 sic
405 328 489 372 hoc
519 330 686 385 quidem
716 330 812 372 loco
840 331 962 374 mssti
991 343 1138 373 omnes
1167 343 1263 375 eum
1291 332 1430 381 editis,
1467 357 1559 397 Vas.
1581 364 1614 402 3

72 404 428 462 quemadmodum
444 400 490 444 &
511 402 609 444 alias
629 401 770 458 paffim
795 417 902 446 unus
932 410 1004 446 aut
1026 404 1131 446 alter
1148 418 1172 445 e
1190 405 1337 446 nostris
1360 419 1430 447 co-

76 477 254 521 dicibus.
313 472 482 517 Reffins
513 481 654 517 tamen
682 474 847 534 fortafle
877 474 1135 526 feciffemus,
1173 475 1203 518 fi
1231 472 1432 535 Τσιρῥσί-

68 550 238 594 &cavoa
264 560 360 590 cum
382 547 494 602 dupl.
517 560 564 603 ρρ
583 547 662 590 hoc
684 547 807 600 loco,
845 554 893 589 ut
916 547 1012 590 alibi
1033 548 1291 592 edidisemus.
1317 550 1429 592 conf.

73 616 150 666 ΠΙ.
164 617 234 674 76,
253 631 318 662 12.
346 618 496 674 III.95,
510 630 548 673 5.
565 617 611 662 &
626 618 661 661 F
665 620 795 675 ragm.
820 619 972 662 Histor.
994 633 1033 661 n.
1046 619 1215 664 LXV11.
1231 619 1358 664 Tom.
1370 620 1428 666 V.

73 691 120 750 p'.
139 705 209 748 73.
276 691 427 735 Rursus
461 700 601 734 tamen
633 691 677 733 ἐν
704 685 919 747 Ταρακὶδνι
950 692 1191 747 scripserunt
1215 693 1271 737 X.
1296 704 1363 749 34,
1391 707 1428 737 ι.

18 775 31 805 ,·
76 777 178 810 cum
195 763 325 822 fimpl.
342 779 381 821 ρ.
400 763 445 808 ἃ
468 777 565 807 cum
586 763 858 806 circumflexo
877 765 921 807 in
942 763 1185 820 penultima.

497 904 535 949 c
562 906 604 949 A
633 904 665 950 P
693 904 734 954 V
759 904 803 951 Τ
866 904 1005 950 XXI.
1449 918 1640 978 eaprxxt

148 1006 228 1052 >Ab
253 1007 337 1050 hoc
362 1006 507 1064 Capite
522 992 674 1051 'nouum
684 1008 876 1064 incipere
897 1007 1172 1064 Excerptum‚
1210 1006 1328 1065 cujus
1355 1005 1427 1051 Ti·
1452 967 1495 1046 :ii
1514 968 1635 1047 ἓξὲξ·

79 1079 194 1124 tulus
211 1081 342 1132 deest,
369 1078 581 1139 perspecte
605 1072 802 1129 Reiskiusv
819 1081 923 1122 vidit
941 1083 1200 1136 monuitque.
1245 1083 1312 1124 Ac
1331 1083 1428 1124 licet
1450 1068 1648 1151 ξζῖῗῃὲζῖῗ

75 1153 125 1195 ‘in
147 1150 347 1209 plerisque
367 1151 594 1195 codicibus
614 1144 814 1195 continuo
830 1151 927 1203 filo,
961 1153 1077 1216 nullo
1107 1168 1186 1196 nec
1212 1154 1340 1210 spatio
1370 1167 1431 1195 re-
1451 1153 1575 1186 noziad
1585 1154 1657 1188 Sci.

25 1253 27 1256 v
77 1223 205 1276 licto,
254 1234 463 1282 nec-nota
489 1225 571 1267 ulla
599 1222 780 1280 adjeaa,
825 1225 1100 1281 conjungatur
1128 1225 1221 1267 haec
1249 1214 1429 1269 narratio
1454 1207 1608 1244 pionem.

79 1311 178 1340 cum
205 1291 560 1353 praecedentibus,
601 1294 739 1339 tamen
769 1296 814 1339 &
843 1298 886 1339 in
904 1299 1007 1354 ⁴cod.
1037 1297 1136 1340 Vrb.
1163 1298 1239 1353 (ut
1267 1299 1429 1342 notavit
1489 1341 1491 1345 ,

52 1402 54 1405 -
76 1367 246 1426 Casaub.
267 1370 310 1411 in
327 1383 400 1425 ora
418 1368 556 1422 Bam.)
576 1369 781 1425 separatur
797 1369 878 1412 hoc
887 1368 1184 1426 Fragmentum
1205 1386 1227 1411 a
1249 1370 1427 1430 superio-

75 1431 217 1489 riim&
244 1439 349 1484 &in
367 1440 535 1498 Reg.D.
557 1457 580 1483 a
601 1456 710 1483 nova
731 1443 840 1484 linea
859 1443 1025 1498 incipit,
1054 1440 1199 1484 relicto
1219 1443 1343 1484 etiam
1364 1444 1425 1484 in·

77 1518 144 1556 ter
163 1513 292 1556 lineas
318 1513 446 1569 spatio
475 1527 551 1570 pro
576 1509 722 1557 Tituio
750 1514 871 1570 hujus
896 1513 1097 1570 Eclogae,
1134 1528 1257 1571 quem
1285 1522 1427 1557 tamen

0 1638 1 1642 Ἰ
73 1577 248 1628 titulum
290 1585 520 1628 adscribere
556 1586 744 1642 neglexit
781 1586 985 1630 librarius.
1046 1585 1194 1642 Neque
1226 1599 1327 1628 vero
1348 1586 1427 1629 'vel

0 1669 1 1674 ¹
75 1645 252 1700 Reiskio
289 1657 358 1699 vel
393 1656 632 1700 Casaubono
669 1659 708 1701 in
744 1665 926 1701 mentem
965 1658 1118 1701 veniss'e
1147 1659 1333 1710 videtur,
1375 1658 1427 1704 ad

75 1729 205 1771 alium
218 1726 456 1780 hominem,
482 1740 636 1786 praeter
653 1729 900 1785 Scipionem,
931 1731 1049 1787 cujus
1072 1732 1194 1774 rebus
1222 1732 1314 1774 haec
1333 1737 1423 1773 nar-

75 1802 183 1845 ratio
203 1804 368 1844 adtexta
390 1813 500 1853 erat,
531 1804 720 1845 eamdem
737 1804 908 1846 referre.
967 1803 1100 1846 Nobis
1121 1817 1247 1854 vero,
1275 1802 1426 1859 saepius

75 1872 314 1929 legentibus
339 1863 697 1931 reffegentibusque
719 1873 1017 1931 expositionem
1034 1875 1148 1918 istam
1167 1874 1424 1934 Equestrium

76 1944 431 2006 Exercitationum
449 1974 463 2000 ‚
511 1960 605 2002 quae
639 1944 802 1990 hoc'&
832 1947 1028 2003 sequenti
1049 1948 1196 2003 *capite
1236 1948 1421 1989 contine-

75 2023 146 2060 tur
163 2050 176 2069 ‚
226 2018 386 2079 semper
413 2017 458 2062 &
484 2026 598 2062 totus
626 2019 746 2061 color
780 2018 902 2074 hujus
931 2020 1120 2075 eclogae,
1162 2019 1209 2062 &
1247 2018 1420 2075 fingulae

12 2081 17 2083 ‚
75 2090 213 2132 rursus
230 2090 442 2152 nonnussae
465 2092 554 2147 ejus
573 2098 714 2148 partes
727 2123 740 2143 ,
768 2085 976 2148 (inprimis
994 2106 1084 2148 cap.
1105 2103 1172 2142 21,
1190 2092 1252 2147 9.)
1271 2091 1419 2133 alienae

73 2161 158 2204 esse
188 2177 213 2204 a
243 2163 366 2205 rebus
397 2165 594 2207 Romanis
623 2164 721 2207 visae
751 2172 868 2206 erant
887 2194 899 2217 ,
946 2162 992 2206 &
1020 2163 1123 2206 nihil
1157 2178 1253 2206 cum
1283 2163 1423 2214 rebus,

71 2235 302 2290 praesertim
328 2250 352 2277 a
379 2234 586 2293 Scipione}
604 2237 648 2278 in
670 2232 862 2293 Hispania
889 2235 1014 2292 gestis
1032 2266 1048 2289 ,
1095 2247 1317 2278 commune
1349 2235 1419 2276 ha-

72 2307 186 2351 bere.
244 2308 342 2359 Quo
372 2309 618 2361 accedebat,
653 2310 763 2364 quod
789 2308 922 2364 capite
950 2308 1149 2363 superiori
1173 2309 1338 2363 penitus
1366 2306 1419 2349 ad

70 2377 201 2437 finem
228 2375 467 2436 perductam
498 2381 732 2425 videremus
757 2380 1034 2423 narrationem
1054 2381 1106 2423 de
1126 2380 1357 2430 exercitiis,
1394 2392 1425 2418 a

72 2449 271 2506 Scipione
299 2452 517 2503 institutis;
554 2452 684 2507 (vide
704 2466 796 2509 cap.
819 2464 886 2503 20,
908 2454 981 2503 8.)
1005 2452 1047 2494 in
1074 2452 1152 2495 hac
1173 2465 1272 2495 vero
1292 2464 1418 2506 expo·

70 2514 216 2565 fitione
244 2523 438 2579 nusquam
468 2538 548 2567 nec
580 2539 734 2568 nomen
758 2526 1157 2573 commemoratum,
1194 2537 1272 2565 nec
1302 2521 1419 2565 vesti-

71 2595 190 2649 gium
211 2595 338 2638 ullum
357 2597 595 2652 adpareret,
629 2609 713 2654 quo
735 2609 853 2638 mens
873 2593 1042 2637 lectoris
1060 2596 1109 2637 ad
1127 2591 1326 2650 Scipionis
1349 2607 1420 2635 co-

71 2654 319 2720 gitationem
336 2667 561 2711 neceffario
579 2670 814 2711 duceretur.
869 2668 1130 2710 Noveramus
1152 2679 1341 2723 quoque,
1370 2663 1418 2708 δε

67 2732 114 2778 in
124 2737 281 2782 schedis
293 2740 439 2783 nostris
451 2742 796 2789 adnotaveramus
809 2739 953 2781 diserta
963 2739 1135 2780 aliorum
1155 2738 1418 2795 Scriptorum

68 2810 216 2865 verba,
245 2812 398 2868 quibus
413 2810 631 2855 fimiuimae
652 2813 745 2867 his,
776 2814 828 2855 de
851 2811 1000 2868 quibus
1016 2810 1086 2855 hic
1109 2811 1281 2867 agitur,⁴
1300 2821 1416 2850 exer-

1253 2882 1416 2924 citatio·-
