1806 3262
397 233 476 265 An
507 234 720 266 Pomm.
754 235 875 266 v111.
903 224 944 273 8.
971 231 1014 277 9.
1049 234 1114 266 10.
1351 231 1438 277 457

87 326 210 394 ἦσαν·
239 334 265 393 ἦ
281 335 324 379 δὲ
344 337 506 379 κινοῦσαι
523 331 659 380 πάντ-οι
683 332 749 394 noe)
779 335 1038 394 στρέφουσα,
1074 334 1149 390 μία
1177 332 1315 393 ψυχή.
1373 337 1438 380 De

88 405 221 454 literis
244 409 291 453 VT
323 408 367 452 &
393 408 440 452 Ψ
465 423 682 466 perperam
711 412 820 453 inter
848 411 888 452 se
918 411 1185 453 commutatis
1211 425 1234 451 a
1262 411 1437 452 librariis

89 481 200 524 conf.
224 483 379 523 Adnot.
409 483 459 525 ad
481 482 536 525 II.
559 493 627 538 59,
650 494 686 537 5.
717 481 760 525 &
780 483 856 525 Ill.
874 494 914 538 9,
933 481 973 525 6.
1006 482 1077 524 ubi
1106 483 1149 524 in
1179 484 1330 524 eodem
1354 483 1438 525 hoc

76 553 288 603 ,vocabulo
307 549 432 608 ’ψυχη
451 555 561 596 idem
582 570 698 597 error
718 554 971 598 commifl'us.

177 623 289 679 Vers.
316 630 356 677 8.
391 625 689 682 Συρακουσίων.
749 626 876 669 Posfis
917 621 1189 683 Συρακούσιον
1227 626 1439 681 suspicari:
1468 627 1564 666 Vers.
1586 634 1617 671 8.
1630 639 1667 676 9.

85 695 155 739 sed
170 697 229 738 nil
250 699 430 750 adtinet,
461 698 534 741 &
523 714 566 741 m
589 700 799 757 vulgatam
820 699 1199 743 consentiuntlibri.
1236 722 1288 735 —-
1332 699 1439 741 Ibid.

83 764 318 823 κυριεύσειν.
375 767 567 827 κυριεύειν
588 773 699 815 Med.
755 791 815 803 —--·
873 771 920 815 V
917 769 988 828 evj]
1008 782 1049 827 9.
1080 767 1160 814 ουδ’
1181 769 1440 826 ἐπιβαλέεθοᾳ

85 842 376 897 adoptavimus
389 857 440 884 ex
452 843 565 899 Aug.
579 843 623 887 &
636 844 820 894 Herone,
835 886 839 893 ,
854 844 925 899 qui
936 844 1056 886 in'his
1075 842 1170 899 ipfis
1191 844 1326 887 verbis
1343 842 1438 886 finit

79 912 168 955 hoc
186 914 480 970 fragmentum.
538 916 734 959 Mendose
756 912 1037 972 ἐπιβαλέθοᾳ
1057 916 1180 972 Regii
1203 915 1248 960 &
1267 915 1439 962 Vesont.

87 980 370 1042 ἐπιβάλλεαῖοᾳ
390 989 482 1030 edd.
503 1003 602 1030 cum
620 987 731 1031 Med.

179 1057 294 1113 Vers.
318 1072 380 1102 11.
409 1055 465 1116 μή
492 1060 630 1103 ‚rotem
687 1060 910 1116 Pei-peram
935 1065 1077 1102 carent
1094 1054 1150 1115 μή
1171 1059 1316 1114 Regii,
1353 1054 1670 1102 Ve-Versal-n·

85 1129 189 1172 sont.
203 1130 442 1188 &Tubing.
501 1152 560 1163 ——
620 1130 735 1188 Vers.
755 1145 817 1175 12.
839 1128 931 1180 τούς
949 1127 1001 1174 ro?
1021 1130 1208 1187 Καρχηδ.
1268 1131 1438 1173 Articu-

84 1201 174 1244 lum
186 1198 251 1249 τοὶ,
286 1217 382 1245 cum
400 1202 550 1246 abess'et
562 1205 706 1260 vulgo,
735 1205 962 1260 adjecimus
981 1218 1076 1245 cum
1089 1203 1196 1246 Med.
1208 1202 1251 1244 &
1264 1201 1438 1246 Vesont.

86 1275 159 1328 qui
179 1289 275 1317 eum
295 1276 404 1317 inter
420 1277 552 1318 lineas
569 1278 758 1331 quidem,
786 1277 852 1320 sed
873 1291 896 1318 a
916 1276 1048 1332 prima
1068 1282 1205 1319 tamen
1226 1287 1350 1318 manu
1373 1275 1440 1317 ad-

77 1343 238 1401 jeftum
273 1346 410 1394 habet.
465 1348 732 1394 Inserendum
766 1357 1019 1392 monuerunt
1058 1349 1184 1394 etiam
1227 1345 1359 1394 Vrfin.
1391 1346 1437 1391 &

85 1416 232 1461 Reisk.

553 1533 862 1580 CAPVT
915 1534 977 1580 X.
1469 1537 1627 1584 eap.x.

173 1634 379 1691 Eclogam
397 1634 446 1677 de
464 1634 585 1679 rebus
604 1635 807 1692 Philippi,
847 1650 942 1693 quae
966 1650 988 1678 a
1007 1648 1096 1692 cap.
1114 1646 1179 1678 10.
1199 1634 1325 1690 usque
1346 1647 1438 1690 cap.

94 1717 144 1760 13
158 1713 261 1749 extr.
282 1709 571 1763 progreditur,
608 1725 658 1751 ex
680 1710 827 1751 codice
846 1708 1102 1751 Peiresciano
1128 1706 1327 1748 exhibens
1355 1705 1440 1751 Va-

88 1777 210 1821 lefius
226 1780 270 1821 in
291 1779 511 1835 Excerptis
532 1782 583 1822 de
607 1780 844 1826 Virtutibus
864 1780 908 1823 &
929 1779 1077 1831 vitiis,
1114 1780 1263 1830 docet,
1301 1779 1344 1820 in
1367 1794 1438 1820 eo-

88 1851 184 1892 dem
203 1851 349 1892 codice
368 1852 458 1907 post
474 1861 660 1895 extrema
682 1854 805 1895 verba
824 1852 993 1909 cap.J13.
1010 1848 1218 1906 παρέπεσε
1238 1851 1309 1893 τοῦ
1332 1850 1437 1894 καθ-

88 1917 276 1979 ήκοντος,
313 1924 514 1968 continuo
545 1924 619 1966 filo
645 1925 784 1968 secuta
814 1924 1010 1977 effe,illa‚
1045 1922 1240 1971 Φίλιππος
1271 1923 1312 1965 δὲ
1345 1919 1438 1971 τούς

86 1994 163 2046 μὲν
196 1992 443 2048 Μεσσηνίους
467 1995 547 2038 &c.
578 2011 674 2052 quae
700 1998 744 2039 in
770 1997 992 2052 Excerptis
1022 1996 1221 2051 Antiquis
1254 2010 1304 2038 ex
1332 1997 1442 2038 librov

89 2064 209 2117 VIII,
238 2081 327 2122 cap.
347 2078 397 2121 9-
415 2081 477 2111 11.
499 2069 645 2121 (nobis
667 2076 758 2123 cap.
773 2079 824 2123 14
843 2067 886 2111 δι
908 2067 1004 2122 15.)
1029 2068 1239 2123 leguntur.
1298 2067 1440 2117 Quare

87 2137 310 2181 secundum
339 2140 542 2184 rationem
566 2141 745 2184 nostram
773 2141 933 2197 Ecloga
958 2141 1028 2182 illa
1050 2139 1265 2187 Valefiana
1292 2141 1437 2197 utique

8 2243 9 2246 ,
87 2210 171 2254 hoc
191 2210 288 2252 loco
304 2210 383 2254 fuit
402 2214 652 2267 reponenda.

178 2280 288 2338 Vers.
318 2295 353 2325 1.
382 2281 578 2332 Φίλιππος
597 2280 919 2340 παραγενόμενος
948 2281 1001 2332 εἷς
1026 2278 1099 2340 τήν
1120 2279 1334 2339 Μεσσήνην
1352 2282 1437 2328 &c.
1473 2282 1571 2323 Vers.
1591 2292 1623 2323 1.

91 2351 212 2399 Conf.
235 2369 272 2396 c.
296 2365 359 2410 14,
382 2369 417 2398 1.
474 2354 558 2401 Res
586 2356 765 2412 Philippi
791 2358 832 2402 in
859 2354 1050 2413 Meffem'a
1067 2357 1227 2414 gestas,
1265 2370 1439 2412 quarum

2 2454 7 2456 v
89 2425 306 2470 occafione
325 2428 642 2483 disputationem
667 2431 772 2471 hanc
799 2430 999 2485 Polybius
1026 2429 1220 2478 instituit,
1254 2441 1349 2483 quae
1371 2428 1439 2470 his

91 2500 293 2554 proximis
315 2502 517 2555 capitibus
541 2503 801 2552 continetur,
830 2501 1122 2557 praeterierunt
1143 2501 1439 2556 compilatores

91 2570 410 2627 Excerptorum.
470 2572 627 2629 Tangit
655 2587 725 2616 eas
754 2573 995 2616 Plutarchus
1020 2573 1064 2615 in
1092 2572 1222 2614 Arato
1254 2586 1291 2627 p.
1317 2585 1437 2626 1051.

92 2640 136 2684 &
167 2636 356 2698 proxime
383 2643 596 2687 connestit
621 2660 717 2687 curn
743 2645 824 2691 illis
848 2645 996 2695 rebus,
1033 2656 1134 2699 quas
1155 2645 1296 2687 Livius
1318 2645 1442 2690 habet

91 2714 161 2756 lib.
182 2714 337 2761 XXIV.
357 2727 426 2771 40.
454 2719 504 2760 ad
526 2719 575 2760 A.
596 2718 652 2766 V.
673 2728 770 2775 540.
829 2715 1001 2759 Scilicet
1030 2716 1118 2771 post
1143 2715 1298 2759 foedam
1325 2717 1440 2762 illam

91 2786 250 2830 cladem
271 2789 321 2829 ad
343 2790 606 2844 Apolloniam
628 2796 862 2845 acceptam,
892 2802 1016 2844 quam
1035 2788 1062 2831 1.
1085 2802 1122 2830 c.
1144 2789 1284 2831 Livius
1312 2802 1439 2844 expo.

92 2859 179 2910 nit,
225 2859 335 2902 idem
366 2863 535 2916 quidem
560 2863 701 2907 Livius
728 2859 1010 2906 Macedoniam
1031 2858 1183 2920 petirffe
1210 2861 1268 2903 ait
1287 2860 1442 2916 Philip.

758 2933 790 2974 F
811 2933 833 2974 f
858 2942 880 2986 5
1323 2946 1443 2989 pum,
