1806 3262
427 251 487 288 20
751 271 769 284 a
853 250 1356 286 AnnorArxomrs
1420 279 1423 283 .

228 327 409 364 l

523 353 789 410 [biania—..Q
812 355 854 398 δὲ
875 355 964 398 δεῖν.
1025 354 1097 404 δὲ,
1135 355 1249 412 quod
1278 356 1418 399 aberat
1447 354 1603 411 vulgo,
1629 357 1796 412 oppon-⁴·

434 436 536 474 tune
561 432 765 487 §ederunt
786 427 883 471 Vat.
901 428 947 471 δε
968 425 1083 472 Flor.

249 499 347 544 vus,
373 510 410 547 9·
526 502 574 545 V
571 500 643 557 ers.
663 513 704 557 9.
731 500 880 543 Ταῦτα
907 500 984 550 μὲν
1001 490 1068 542 οἶν
1090 496 1144 547 εἰς
1165 494 1238 555 τήν
1256 495 1458 555 προτέραν
1478 498 1624 542 ἐέτεσεν
1644 487 1806 553 Ὀλυμ-ι

437 570 563 618 πιάδα
583 573 668 616 &c.
710 573 810 616 Hoec
829 574 964 628 igitur
983 574 1025 615 in
1037 570 1368 629 superiorem
1390 572 1617 615 inciderunt
1637 571 1801 627 Olym·

434 648 674 705 piadenn
704 656 794 703 quoe
814 659 911 688 vero
938 645 1077 689 deinde
1102 645 1216 702 gesta
1235 641 1362 699 sunt,
1403 646 1446 687 in
1475 644 1806 701 centefimam

442 721 649 777 quadra
661 718 908 776 gefimam.
998 717 1208 766 Quaerent
1239 715 1407 759 fortaffe
1443 717 1661 769 nonnulli,
1711 714 1805 773 ‘cur5

441 806 575 849 quum
597 793 786 835 videatur
814 804 923 833 nunc
944 790 1145 846 Polybius
1171 791 1221 832 ad
1239 790 1509 845 exponendas
1539 803 1631 843 τες,
1667 788 1806 845 Olym*

444 864 569 922 piade
591 877 707 905 cxr..
735 863 893 920 gestas,
927 876 1132 919 pergere,
1164 870 1303 905 tamen
1324 876 1398 918 per
1419 862 1636 917 complura
1666 861 1804 906 adhuc

451 939 589 993 capita
614 934 895 993 Olympiadem
926 948 1161 986 cxxxiv,
1204 933 1250 977 &
1280 947 1431 977 annum
1468 933 1597 977 Vrbis
1630 943 1726 988 534.
1757 932 1806 978 ad

446 1010 681 1065 marginem
713 1006 1069 1063 adscripstrimus,
1112 1007 1214 1063 quin
1243 1004 1289 1049 δι
1317 1007 1361 1049 in
1390 1007 1541 1049 eodem
1569 1006 1806 1051 adnotando

444 1095 553 1126 anno
572 1081 877 1137 perrexerimus
898 1079 1022 1122 etiam
1048 1079 1138 1135 post
1160 1092 1250 1135 cap.
1274 1077 1342 1122 26.
1367 1092 1617 1135 quamquam
1639 1078 1695 1121 ibi
1718 1089 1806 1122 rur-

440 1148 511 1205 ,sus
533 1154 743 1201 declarare
763 1151 952 1207 Sci-lptor
972 1152 1177 1201 videatur,
1207 1153 1247 1193 in
1268 1152 1392 1194 rebus
1410 1151 1676 1208 Olympiadis
1691 1163 1806 1212 cxr..

443 1226 598 1273 versari
627 1225 921 1268 narrationem.
980 1221 1108 1280 Cujus
1147 1225 1320 1267 instituti
1351 1223 1480 1267 nostri
1510 1223 1718 1266 rationem
1747 1223 1806 1266 itt

223 1303 423 1388 (glyuxffliag
444 1301 619 1342 reddere
640 1296 906 1347 conabimur,
945 1303 991 1339 ut
1023 1297 1169 1339 eadem
1197 1295 1316 1339 fimul
1345 1309 1473 1353 opera
1504 1303 1639 1340 totam
1665 1292 1806 1344 Ratio-

257 1362 303 1385 un
339 1361 352 1370 “’
977 1370 983 1377 ·
1227 1370 1235 1378 -
1363 1370 1370 1377 .
1571 1369 1579 1378 .
1606 1368 1614 1376 ·

223 1395 428 1490 »οῖξιῒὶὶιω
441 1367 1806 1500 3:23²{353222223022223022‚zi‘s352‘230‘5553m0fiffi'322223

444 1519 587 1561 timus.
637 1514 820 1565 Scilicet,
850 1521 897 1556 ut
917 1514 1186 1570 intelligatur,
1216 1526 1298 1569 qua
1317 1515 1482 1556 ratione
1500 1526 1632 1559 annos
1650 1511 1804 1569 Olym.

442 1591 565 1648 picos
593 1603 693 1631 cum
722 1587 839 1629 annis
871 1586 1071 1630 Romanis
1102 1585 1527 1643 conserat.Polybius
1543 1616 1556 1638 ,
1607 1594 1806 1628 notemus

442 1664 627 1721 primum
656 1662 721 1708 id,
763 1661 875 1715 quod
899 1673 951 1700 ex
972 1658 1094 1701 Livio
1113 1657 1289 1703 XXVII.
1310 1669 1378 1714 35.
1398 1658 1443 1702 ὅ(
1461 1654 1661 1702 XXVIII.
1683 1670 1730 1714 7.,
1745 1650 1806 1702 d'i-

443 1734 622 1785 scimus,
649 1747 698 1774 ca
719 1732 881 1782 aestate,
908 1746 989 1787 qua
1007 1730 1052 1773 C.
1073 1729 1269 1774 Claudius
1295 1731 1432 1782 Nem,
1461 1731 1518 1773 Μ.
1539 1731 1681 1775 Livius
1705 1729 1805 1774 Sali-

444 1815 567 1851 nator
587 1805 641 1848 11.
663 1805 919 1847 consulatum
941 1803 1175 1859 gess'eruut,
1201 1803 1361 1859 (quem
1385 1816 1538 1846 annum
1556 1801 1686 1848 Vrbis
1708 1812 1803 1858 547.

445 1894 544 1923 cum
564 1876 754 1922 Simsono
776 1876 821 1920 &
842 1891 939 1919 cum
963 1876 1092 1919 Fastis
1113 1876 1362 1920 lansouianis
1381 1875 1684 1928 numeramus)
1711 1887 1806 1932 per.-

445 1950 562 1994 astos
585 1950 666 1993 effe
688 1950 940 2005 Olympicos
959 1949 1107 1999 ludos,
1145 1956 1269 2003 atque
1291 1950 1396 1991 adeo
1417 1962 1467 1991 ea
1488 1947 1629 1991 aestate
1649 1961 1805 1991 novam

439 2025 743 2081 ⁴Olympiadem
768 2022 931 2065 initium
953 2019 1130 2076 cepill‘e,
1167 2034 1290 2076 quam
1314 2020 1395 2063 esse
1418 2020 1590 2077 Olymp.
1613 2030 1804 2065 cxtnx.

442 2097 542 2143 satis
560 2096 804 2151 ceteroquin
824 2094 994 2137 constat.
1052 2094 1115 2137 Ex
1144 2108 1194 2135 ea
1217 2095 1404 2145 ratione,
1442 2092 1470 2135 fi
1494 2100 1608 2136 retro
1634 2105 1804 2150 compu.

442 2176 607 2220 temus,
645 2181 778 2211 annus
802 2180 835 2210 1.
855 2166 1027 2222 Olymp.
1052 2180 1209 2210 extu.
1231 2166 1376 2211 incidit
1394 2166 1437 2208 in
1455 2165 1512 2209 A.
1531 2163 1587 2211 V.
1611 2174 1706 2222 543.
1728 2163 1804 2209 Cn.

445 2241 595 2285 Fulvio
616 2241 670 2283 Π.
688 2241 733 2283 P.
755 2239 941 2295 Sulpicio
965 2237 1094 2282 Galba
1118 2238 1225 2281 Coll'.
1285 2240 1398 2282 Tum
1418 2251 1550 2281 annus
1574 2251 1610 2282 1.
1628 2237 1802 2295 olymp.

447 2327 586 2358 exn.
613 2314 658 2356 in
683 2314 738 2354 A.
768 2310 823 2356 V.
859 2322 953 2367 539.
987 2311 1034 2355 L.
1064 2311 1273 2355 Postumio
1305 2311 1380 2355 111.
1416 2310 1514 2355 Tib.
1552 2310 1804 2367 Sempronio

445 2380 640 2428 Graccho
659 2383 767 2428 Coss.
825 2385 1018 2441 Denique
1042 2397 1172 2426 annus
1199 2397 1232 2427 ι.
1253 2383 1427 2441 Olymp.
1453 2395 1568 2427 cxi..
1598 2384 1644 2426 in
1671 2383 1724 2428 A.
1745 2381 1803 2428 V.

447 2468 546 2514 535.
570 2459 627 2500 Μ.
642 2458 787 2508 Livio,
817 2458 862 2501 L.
885 2456 1073 2500 Aemilio
1097 2456 1240 2499 Paullo
1258 2455 1364 2498 Coss.
1423 2454 1512 2499 Iam
1534 2468 1637 2499 vero
1657 2457 1802 2499 eadem

446 2531 609 2573 ratione
630 2529 830 2585 Polybius
851 2530 897 2573 L.
919 2530 1088 2573 Aemilii
1109 2528 1366 2571 consulatum
1386 2530 1427 2572 in
1450 2529 1629 2571 eundem
1654 2541 1748 2571 ann.
1766 2539 1802 2571 1.

446 2602 622 2658 Olymp.
643 2615 759 2645 ext..
778 2603 898 2658 ponit
914 2602 982 2644 lib.
997 2601 1072 2644 III.
1096 2616 1132 2645 c.
1156 2598 1222 2652 16,
1241 2613 1280 2656 7.
1300 2600 1344 2644 δι
1366 2599 1442 2647 IV.
1461 2598 1531 2653 66,
1551 2605 1605 2651 8-
1621 2612 1683 2646 ιο.
1705 2598 1802 2643 coll.

446 2688 547 2718 cum
573 2675 646 2717 III.
679 2685 743 2729 19,
777 2686 841 2719 12.
896 2674 1073 2730 Parique
1104 2676 1231 2718 modo
1264 2674 1519 2716 consulatum
1547 2672 1592 2718 C.
1611 2669 1800 2722 Flaminii

445 2746 524 2802 (A.
542 2745 597 2791 V.
621 2746 743 2802 537.)
771 2745 815 2791 &
838 2760 1022 2803 pugnam
1052 2747 1104 2789 ad
1133 2745 1419 2790 Trasimenum
1445 2746 1606 2797 lacum,
1642 2744 1686 2787 in
1719 2734 1800 2802 qun

447 2820 609 2862 occisus
636 2821 708 2863 ille
738 2819 879 2862 consul
903 2819 983 2870 est,
1022 2819 1065 2861 in
1097 2832 1250 2861 annum
1271 2830 1312 2873 3.
1340 2817 1514 2877 Olymp.
1539 2830 1654 2863 cxr..
1683 2808 1802 2875 ponit

444 2891 519 2936 Iib.
538 2890 595 2938 V.
620 2903 714 2948 105,
732 2904 773 2949 3.
793 2892 888 2937 coll.
910 2891 987 2936 111.
1006 2895 1074 2946 83.
1094 2890 1138 2935 δι
1159 2895 1228 2960 843
1253 2904 1269 2935 1
1282 2904 1316 2935 1.
1376 2891 1660 2953 Eamdemque
1677 2890 1801 2933 ratio·

1699 2974 1800 3008 nom
