1806 3262
168 355 346 369 μ-

189 726 286 768 vers.
305 734 338 773 3.

192 803 290 846 vers.
305 812 341 848 4.

182 1450 280 1492 vers.
302 1459 338 1494 5

181 1601 278 1644 vers.
298 1601 333 1638 6.

155 2680 249 2722 Vns.
268 2685 304 2722 8.

368 258 455 313 452
800 263 1303 301 Anno-rnnouns

374 447 517 490 vocab.
545 442 668 499 βέλος
696 443 844 485 latiore
874 444 1047 485 notione
1079 445 1130 484 de
1159 443 1301 499 quovis
1338 443 1463 502 mtffili
1490 446 1729 501 accipiatur,

375 520 563 572 adeoque
583 515 627 559 &
646 517 696 557 de
717 515 939 570 majoribus
960 515 1056 557 telis
1077 528 1170 569 quae
1192 529 1243 556 ex
1265 517 1482 570 catapultis
1495 547 1506 567 ,
1539 509 1584 573 ἃ
1599 519 1654 559 de
1671 517 1730 559 la·

374 591 540 648 pidibus
560 589 631 643 qui
649 602 673 628 e
694 587 859 628 ballistis
883 586 1231 642 conjiciebantur3
1266 586 1485 642 posteriori
1509 602 1610 631 vero
1629 589 1729 644 locu

376 665 429 705 de
447 659 672 703 minoribus
693 656 946 714 vulgatg'lijue
968 659 1071 700 telis.

458 734 506 777 V
502 731 575 786 ers.
601 744 638 786 3.
669 726 832 772 κωλύειν
853 727 983 772 αὐτῶν
1004 725 1076 785 τήν
1098 724 1232 786 ὁρμήν.
1290 724 1469 772 κολούειν
1486 729 1656 788 ὃοώὶςκ

460 803 578 860 Vers.
599 815 638 856 4.
668 798 808 850 νυκτὸς
828 801 903 844 ἔτι
922 797 1042 858 ποιή
1051 819 1076 844 o·
1089 802 1247 856 oco-&oq
1266 797 1338 857 τήν
1352 798 1610 860 παραγωγήν.
1648 801 1727 848 ’δίο

376 879 658 926 correximus,
687 882 884 917 monente
903 875 1076 918 Reiskio
1095 874 1139 917 &
1159 873 1342 916 Gronov.
1362 875 1406 916 in
1426 875 1552 918 Nobis
1567 877 1726 920 msstis.

376 949 432 992 Et
442 949 496 991 fic
514 950 597 1005 jam
618 948 805 990 videmus
826 945 1060 989 correezum
1081 961 1105 988 a
1121 946 1272 1001 Scalig-
1298 946 1342 987 in
1361 960 1435 988 ora
1453 947 1511 989 sui
1533 949 1728 1004 exempli,

372 1024 443 1065 ubi
463 1023 606 1063 citavit
619 1034 653 1062 c.
674 1033 686 1060 ι
698 1030 733 1072 5,
747 1030 785 1073 5.
816 1019 1033 1074 Perperam
1045 1019 1172 1074 vulgo
1181 1031 1332 1060 omnes
1341 1024 1462 1074 atque
1473 1021 1594 1063 etiam
1607 1021 1725 1064 Hero

373 1089 516 1141 νυκτὸς
537 1087 854 1147 ἐπιποιήσκιθοᾳ,
895 1092 1024 1133 verbo
1050 1090 1213 1133 Graecis
1242 1091 1460 1144 omnibus,
1486 1106 1536 1134 ea
1556 1094 1724 1148 quidem

372 1168 548 1210 notione
581 1177 675 1220 quae
707 1164 774 1206 hic
802 1164 1108 1218 requirebatur,
1156 1162 1354 1204 inaudito.
1423 1162 1489 1205 De
1517 1172 1722 1220 permuta-

371 1240 488 1282 tione
515 1236 755 1279 vocularum
788 1235 858 1277 ἐπὶ
883 1233 927 1276 &
949 1232 1009 1276 ἔτι
1036 1235 1132 1277 vide
1153 1236 1307 1276 Adnot.
1339 1235 1388 1277 ad
1410 1234 1467 1279 V.
1486 1234 1556 1290 46,
1582 1248 1645 1280 12.
1668 1238 1718 1280 ad

372 1309 429 1356 V.
451 1322 520 1365 42,
545 1323 580 1352 1.
603 1308 650 1352 &
672 1309 722 1351 ad
742 1307 798 1352 V.
821 1317 887 1362 55,
909 1320 973 1351 10.
996 1307 1066 1349 sub
1086 1306 1226 1348 finem.
1283 1301 1425 1355 νυκτὸς
1453 1305 1514 1350 ἔτι
1540 1308 1599 1352 est
1624 1314 1721 1352 ante
1772 1308 1773 1312 ’

371 1384 517 1434 lucem,
544 1379 1124 1436 utc.15‚5.&s·³epealifiS.

457 1453 572 1508 Vers.
594 1464 631 1508 5.
661 1449 773 1501 ἐντος
789 1451 950 1507 βέλους.
980 1451 1090 1495 conf.
1109 1452 1159 1494 ad
1177 1451 1278 1494 vers.
1298 1463 1339 1495 2.
1395 1450 1578 1496 Temere
1594 1449 1718 1508 βέλος

370 1527 557 1571 ed.1.&
579 1520 694 1574 ἐκτδς
717 1526 892 1568 eadem
881 1539 922 1567 m
944 1538 1074 1579 marg.
1093 1524 1235 1566 invitis
1254 1525 1409 1567 msstis.

455 1598 569 1656 Vers.
592 1598 632 1642 6.
663 1596 713 1647 ὥς
744 1592 1009 1654 οἷνδρομήκους
1039 1589 1190 1653 ὕψους,
1226 1610 1278 1639 ex
1297 1596 1510 1640 altitudine
1525 1594 1713 1655 feresta-

366 1679 473 1716 turoe
491 1670 687 1715 lzumanoe.
746 1670 1030 1714 Casaubonus.
1070 1668 1128 1711 ael
1144 1665 1513 1728 humanoestaturoe
1535 1670 1710 1712 modum.

364 1745 438 1790 Nil
459 1746 616 1787 variant
634 1743 726 1787 libri
746 1745 889 1799 graeci.
947 1742 1161 1785 Nescimus
1183 1755 1306 1792 vero,
1335 1741 1382 1784 fit
1404 1756 1458 1784 ne
1483 1739 1533 1791 ὥς
1562 1742 1621 1793 ἐξ
1646 1737 1711 1783 οἷν-

364 1818 475 1875 δρομ.
496 1815 567 1871 ὖψ.
586 1818 822 1874 legendum,
850 1830 899 1857 an
918 1813 967 1863 ὥς
987 1829 1061 1870 pro
1079 1811 1151 1860 ἕως
1168 1812 1497 1870 intelligendum.
1540 1814 1709 1857 Livius:

360 1903 524 1934 murum
552 1890 604 1931 ab
633 1891 712 1932 imo
742 1889 800 1931 ad
818 1886 1022 1943 summum
1050 1885 1203 1928 crebris
1227 1887 1338 1928 cavis
1363 1887 1536 1942 aperuit.
1594 1886 1710 1930 Idem

358 1962 505 2007 Livius
524 1976 599 2019 pro
617 1962 798 2016 palmari
817 1960 1101 2015 magnitudine
1121 1957 1330 2000 cubitalem
1349 1959 1479 2014 ponit.
1506 1980 1565 1990 -
1600 1957 1709 2002 Ibid.

358 2032 590 2092 σκορπίδας
610 2032 926 2088 scorpiunculos.
970 2031 1127 2075 Laudat
1145 2031 1254 2072 hunc
1274 2030 1437 2085 polybii
1457 2031 1597 2073 iocum
1615 2029 1706 2074 Sui.

357 2108 430 2150 das
458 2108 508 2150 ad
535 2107 617 2148 hoc
645 2106 787 2150 vocab.
846 2104 911 2147 De
939 2104 1020 2146 hoc
1051 2103 1122 2146 teli
1150 2116 1305 2158 genere
1333 2102 1514 2146 breviter
1531 2101 1636 2158 hips.
1660 2103 1704 2145 in

355 2179 579 2222 Poliorcet.
608 2179 678 2222 lib.
708 2177 780 2219 ΠΙ.
809 2177 901 2220 dial.
926 2187 967 2231 4.
1025 2175 1234 2230 Vegetius
1264 2173 1340 2218 JV.
1370 2186 1438 2217 22.
1466 2173 1704 2229 Scorpiones

352 2250 558 2303 dicebant,
590 2263 694 2306 quas
718 2263 822 2291 nunc
847 2247 1135 2305 manubalistas
1155 2252 1337 2288 vocants
1360 2246 1445 2288 ideo
1466 2246 1525 2303 fic
1553 2258 1700 2288 nuncu-

347 2324 466 2377 pati,
516 2322 626 2380 quod
639 2323 794 2382 pareds
808 2316 1279 2377 subtilibqsquespiculis
1311 2317 1489 2373 infirrant
1517 2324 1699 2366 mortem,

349 2394 640 2450 Scorpiunculi
659 2395 854 2436 fabricam
875 2391 1081 2447 descripiit
1105 2391 1220 2433 Philo
1249 2391 1291 2432 in
1322 2391 1461 2432 libello
1490 2391 1541 2432 de
1564 2388 1696 2432 Telo-

346 2479 439 2509 rum
463 2464 790 2516 construffio11e,
818 2467 924 2507 inter
944 2465 1144 2509 Veterum
1165 2463 1552 2505 mathematicorum
1568 2474 1695 2517 opera
1767 2459 1778 2479 ⁸

344 2551 386 2593 p.
407 2550 474 2593 73.
494 2539 563 2581 ubi
582 2539 772 2594 imperite
793 2536 837 2579 δι
856 2538 894 2578 in
918 2551 1062 2592 graeco
1084 2543 1304 2583 context-u,
1335 2534 1380 2576 <Sc
1399 2535 1439 2576 in
1459 2533 1584 2576 latina
1602 2547 1692 2576 ver-

342 2608 457 2653 fione
474 2610 518 2654 &
539 2610 580 2652 in
603 2610 745 2652 Indice
767 2608 987 2661 σκοπίὸιον,
1008 2602 1231 2664 stopidiztnz
1253 2605 1310 2648 est
1331 2606 1500 2648 editum.
1560 2626 1562 2629 >

432 2681 543 2738 Vetjs.
563 2687 603 2733 8.
635 2677 708 2729 τοὶς
738 2677 963 2735 σαμβύκας.
1032 2680 1102 2723 Sic
1131 2679 1295 2722 casaub.
1324 2677 1367 2720 &
1398 2677 1516 2719 Hero
1542 2666 1691 2719 editus.

338 2749 411 2802 τοὶς
430 2750 645 2808 σάμβυκοις
666 2756 731 2797 ed.
758 2768 792 2797 1.
817 2753 1167 2796 consentientibus
1194 2752 1344 2792 mss-tis
1364 2749 1523 2792 nostris.
1568 2745 1691 2793 ‘Vide

336 2826 494 2869 Adnot.
517 2829 566 2868 ad
589 2840 676 2882 cap.
698 2825 739 2869 6.
764 2838 803 2868 2.
857 2849 915 2856 —
976 2824 1079 2867 Ibid.
1113 2819 1395 2879 ἐγχειρῆσαιεν
1416 2819 1688 2864 correximus-

334 2897 554 2953 Perperam
574 2899 704 2954 vulgo
723 2911 871 2940 omnes
886 2896 1169 2952 ἐγχειρίσαιεν.
1209 2915 1268 2926 ··-—
1309 2894 1416 2937 Ibid.
1437 2887 1608 2948 ἐξαίρειν
1628 2884 1687 2946 ’ὅρ-

1572 2977 1677 3013 ‘yma

1785 2941 1797 2978 ε

371 372 520 430 βέλους
549 371 651 413 ver'ss
675 375 713 424 5.
744 370 804 412 nil
836 371 946 413 aliud
977 371 1170 419 interest,
1225 370 1298 413 nifi
1328 372 1449 427 quod>
1471 372 1601 429 prior-l
1627 372 1727 416 loco
