<?xml version="1.0" encoding="UTF-8"?>
<!DOCTYPE html PUBLIC "-//W3C//DTD XHTML 1.0 Transitional//EN"
    "http://www.w3.org/TR/xhtml1/DTD/xhtml1-transitional.dtd">
<html xmlns="http://www.w3.org/1999/xhtml" xml:lang="en" lang="en">
 <head>
  <title>
</title>
<meta http-equiv="Content-Type" content="text/html;charset=utf-8" />
  <meta name='ocr-system' content='tesseract 3.04.00' />
  <meta name='ocr-capabilities' content='ocr_page ocr_carea ocr_par ocr_line ocrx_word'/>
</head>
<body>
  <div class='ocr_page' id='page_1' title='image "./historiarumquidq06polyuoft_0710.png"; bbox 0 0 1780 3190; ppageno 0'>
   <div class='ocr_carea' id='block_1_1' title="bbox 149 241 1728 980">
    <p class='ocr_par' dir='ltr' id='par_1_1' title="bbox 348 241 1699 411">
     <span class='ocr_line' id='line_1_1' title="bbox 348 241 1355 292; baseline 0.002 -13"><span class='ocrx_word' id='word_1_1' title='bbox 348 245 435 292; x_wconf 76' lang='lat'>700</span> <span class='ocrx_word' id='word_1_2' title='bbox 772 241 1275 281; x_wconf 54' lang='lat' dir='ltr'>Anno-rumonus</span> <span class='ocrx_word' id='word_1_3' title='bbox 1352 260 1355 263; x_wconf 93' lang='lat'>·</span> 
     </span>
     <span class='ocr_line' id='line_1_2' title="bbox 348 348 1699 411; baseline 0.004 -18"><span class='ocrx_word' id='word_1_4' title='bbox 348 351 567 407; x_wconf 84' lang='lat' dir='ltr'>putamus&#39;‚</span> <span class='ocrx_word' id='word_1_5' title='bbox 587 349 695 393; x_wconf 85' lang='lat' dir='ltr'>h&#39;aud</span> <span class='ocrx_word' id='word_1_6' title='bbox 715 351 980 394; x_wconf 85' lang='lat' dir='ltr'>incommode</span> <span class='ocrx_word' id='word_1_7' title='bbox 1000 349 1183 411; x_wconf 68' lang='lat' dir='ltr'>2fimp1ici</span> <span class='ocrx_word' id='word_1_8' title='bbox 1213 348 1343 397; x_wconf 83' lang='lat' dir='ltr'>verbo</span> <span class='ocrx_word' id='word_1_9' title='bbox 1366 350 1466 406; x_wconf 74' lang='lat' dir='ltr'>uti,&#39;</span> <span class='ocrx_word' id='word_1_10' title='bbox 1489 355 1568 411; x_wconf 73' lang='lat' dir='ltr'>pro</span> <span class='ocrx_word' id='word_1_11' title='bbox 1585 365 1699 398; x_wconf 80' lang='lat' dir='ltr'>com-</span> 
     </span>
    </p>

    <p class='ocr_par' dir='ltr' id='par_1_2' title="bbox 176 418 1702 502">
     <span class='ocr_line' id='line_1_3' title="bbox 176 418 1702 502; baseline 0.003 -37"><span class='ocrx_word' id='word_1_12' title='bbox 176 468 226 502; x_wconf 80' lang='lat' dir='ltr'>Ca</span> <span class='ocrx_word' id='word_1_13' title='bbox 345 423 478 480; x_wconf 85' lang='lat' dir='ltr'>pofito</span> <span class='ocrx_word' id='word_1_14' title='bbox 500 418 823 480; x_wconf 74' lang='grc' dir='ltr'><em>οἷποδεχόμενος,</em></span> <span class='ocrx_word' id='word_1_15' title='bbox 844 438 928 480; x_wconf 90' lang='lat' dir='ltr'>quo</span> <span class='ocrx_word' id='word_1_16' title='bbox 947 424 1040 469; x_wconf 84' lang='lat' dir='ltr'>usus</span> <span class='ocrx_word' id='word_1_17' title='bbox 1061 432 1151 468; x_wconf 83' lang='lat' dir='ltr'>erat</span> <span class='ocrx_word' id='word_1_18' title='bbox 1174 440 1210 469; x_wconf 90' lang='lat' dir='ltr'><strong>c.</strong></span> <span class='ocrx_word' id='word_1_19' title='bbox 1230 424 1299 481; x_wconf 87' lang='lat'>46,</span> <span class='ocrx_word' id='word_1_20' title='bbox 1319 437 1348 482; x_wconf 84' lang='lat'>7</span> <span class='ocrx_word' id='word_1_21' title='bbox 1366 425 1423 483; x_wconf 89' lang='lat' dir='ltr'>sq.</span> <span class='ocrx_word' id='word_1_22' title='bbox 1439 425 1487 471; x_wconf 76' lang='grc' dir='ltr'>δι</span> <span class='ocrx_word' id='word_1_23' title='bbox 1503 437 1621 482; x_wconf 81' lang='lat' dir='ltr'><strong>c.45,</strong></span> <span class='ocrx_word' id='word_1_24' title='bbox 1635 436 1702 473; x_wconf 81' lang='lat'><strong>12.</strong></span> 
     </span>
    </p>

    <p class='ocr_par' dir='ltr' id='par_1_3' title="bbox 149 477 1314 557">
     <span class='ocr_line' id='line_1_4' title="bbox 149 477 1314 557; baseline 0.003 -6"><span class='ocrx_word' id='word_1_25' title='bbox 149 477 294 551; x_wconf 53' lang='lat' dir='ltr'>xtd&#39;ix.</span> <span class='ocrx_word' id='word_1_26' title='bbox 750 499 795 552; x_wconf 77' lang='lat' dir='ltr'>c·</span> <span class='ocrx_word' id='word_1_27' title='bbox 814 510 851 553; x_wconf 87' lang='lat' dir='ltr'>A</span> <span class='ocrx_word' id='word_1_28' title='bbox 883 510 914 552; x_wconf 82' lang='lat' dir='ltr'>p</span> <span class='ocrx_word' id='word_1_29' title='bbox 946 511 986 555; x_wconf 88' lang='lat' dir='ltr'>v</span> <span class='ocrx_word' id='word_1_30' title='bbox 1012 510 1053 554; x_wconf 88' lang='lat' dir='ltr'>T</span> <span class='ocrx_word' id='word_1_31' title='bbox 1111 511 1314 557; x_wconf 74' lang='lat' dir='ltr'><strong>XLVII.</strong></span> 
     </span>
    </p>

    <p class='ocr_par' dir='ltr' id='par_1_4' title="bbox 161 563 1728 980">
     <span class='ocr_line' id='line_1_5' title="bbox 161 563 1728 634; baseline 0.004 -25"><span class='ocrx_word' id='word_1_32' title='bbox 161 573 258 614; x_wconf 71' lang='lat' dir='ltr'>Vei-s,</span> <span class='ocrx_word' id='word_1_33' title='bbox 276 583 311 609; x_wconf 87' lang='lat'><strong>2.</strong></span> <span class='ocrx_word' id='word_1_34' title='bbox 435 564 550 622; x_wconf 71' lang='lat' dir='ltr'>Verss</span> <span class='ocrx_word' id='word_1_35' title='bbox 572 579 611 610; x_wconf 87' lang='lat'><strong>2.</strong></span> <span class='ocrx_word' id='word_1_36' title='bbox 641 563 798 626; x_wconf 72' lang='grc' dir='ltr'>ποιήσῃ.</span> <span class='ocrx_word' id='word_1_37' title='bbox 842 570 1062 624; x_wconf 85' lang='lat' dir='ltr'>Perperam</span> <span class='ocrx_word' id='word_1_38' title='bbox 1079 564 1234 627; x_wconf 76' lang='grc' dir='ltr'><em>ποιήσει</em></span> <span class='ocrx_word' id='word_1_39' title='bbox 1254 571 1321 613; x_wconf 89' lang='lat' dir='ltr'>ed.</span> <span class='ocrx_word' id='word_1_40' title='bbox 1343 582 1383 613; x_wconf 89' lang='lat'><strong>2.</strong></span> <span class='ocrx_word' id='word_1_41' title='bbox 1402 567 1546 615; x_wconf 57' lang='lat' dir='ltr'>invitis</span> <span class='ocrx_word' id='word_1_42' title='bbox 1566 567 1701 614; x_wconf 79' lang='lat' dir='ltr'>omni·</span> <span class='ocrx_word' id='word_1_43' title='bbox 1721 624 1728 634; x_wconf 78' lang='lat'>·.</span> 
     </span>
     <span class='ocr_line' id='line_1_6' title="bbox 347 629 1702 700; baseline 0.001 -16"><span class='ocrx_word' id='word_1_44' title='bbox 347 639 426 684; x_wconf 88' lang='lat' dir='ltr'>bus</span> <span class='ocrx_word' id='word_1_45' title='bbox 446 629 594 683; x_wconf 81' lang='lat' dir='ltr'>nostris</span> <span class='ocrx_word' id='word_1_46' title='bbox 612 641 730 682; x_wconf 89' lang='lat' dir='ltr'>codd.</span> <span class='ocrx_word' id='word_1_47' title='bbox 762 662 821 671; x_wconf 92' lang='lat'>—-</span> <span class='ocrx_word' id='word_1_48' title='bbox 847 639 952 684; x_wconf 82' lang='lat' dir='ltr'>Ibid.</span> <span class='ocrx_word' id='word_1_49' title='bbox 974 637 1138 685; x_wconf 72' lang='grc' dir='ltr'><strong><em>δύναιτ-αι</em></strong></span> <span class='ocrx_word' id='word_1_50' title='bbox 1158 641 1375 693; x_wconf 63' lang='grc' dir='ltr'><strong><em>γίγνεσθαι</em></strong></span> <span class='ocrx_word' id='word_1_51' title='bbox 1394 638 1440 686; x_wconf 67' lang='lat' dir='ltr'>ro*</span> <span class='ocrx_word' id='word_1_52' title='bbox 1459 639 1558 687; x_wconf 77' lang='grc' dir='ltr'><strong>δέον.</strong></span> <span class='ocrx_word' id='word_1_53' title='bbox 1603 639 1702 700; x_wconf 62' lang='lat' dir='ltr'>vaip</span> 
     </span>
     <span class='ocr_line' id='line_1_7' title="bbox 348 708 1700 771; baseline 0.002 -16"><span class='ocrx_word' id='word_1_54' title='bbox 348 713 440 770; x_wconf 85' lang='lat' dir='ltr'>post</span> <span class='ocrx_word' id='word_1_55' title='bbox 467 708 630 755; x_wconf 73' lang='grc' dir='ltr'>δύναται</span> <span class='ocrx_word' id='word_1_56' title='bbox 647 713 830 756; x_wconf 87' lang='lat' dir='ltr'>inserunt</span> <span class='ocrx_word' id='word_1_57' title='bbox 850 713 988 770; x_wconf 83' lang='lat' dir='ltr'>scripti</span> <span class='ocrx_word' id='word_1_58' title='bbox 1007 715 1099 757; x_wconf 88' lang='lat' dir='ltr'>libri</span> <span class='ocrx_word' id='word_1_59' title='bbox 1119 728 1288 765; x_wconf 78' lang='lat' dir='ltr'>omneS,</span> <span class='ocrx_word' id='word_1_60' title='bbox 1317 716 1429 771; x_wconf 87' lang='lat' dir='ltr'>quod</span> <span class='ocrx_word' id='word_1_61' title='bbox 1459 729 1556 758; x_wconf 83' lang='lat' dir='ltr'>curn</span> <span class='ocrx_word' id='word_1_62' title='bbox 1573 709 1700 758; x_wconf 77' lang='lat' dir='ltr'>Scali-</span> 
     </span>
     <span class='ocr_line' id='line_1_8' title="bbox 350 782 1706 841; baseline 0.003 -15"><span class='ocrx_word' id='word_1_63' title='bbox 350 799 457 841; x_wconf 86' lang='lat' dir='ltr'>gero</span> <span class='ocrx_word' id='word_1_64' title='bbox 476 785 633 827; x_wconf 89' lang='lat' dir='ltr'>delevit</span> <span class='ocrx_word' id='word_1_65' title='bbox 652 783 934 838; x_wconf 79' lang='lat' dir='ltr'>casaubonus,</span> <span class='ocrx_word' id='word_1_66' title='bbox 952 782 1106 829; x_wconf 67' lang='lat' dir='ltr'>restius</span> <span class='ocrx_word' id='word_1_67' title='bbox 1125 785 1331 840; x_wconf 65' lang='lat' dir='ltr'>fastui-us,</span> <span class='ocrx_word' id='word_1_68' title='bbox 1359 786 1389 829; x_wconf 89' lang='lat' dir='ltr'>fi</span> <span class='ocrx_word' id='word_1_69' title='bbox 1406 787 1448 830; x_wconf 88' lang='lat' dir='ltr'>in</span> <span class='ocrx_word' id='word_1_70' title='bbox 1473 800 1532 838; x_wconf 73' lang='grc' dir='ltr'>γε</span> <span class='ocrx_word' id='word_1_71' title='bbox 1557 784 1706 830; x_wconf 76' lang='lat' dir='ltr'>mutas-</span> 
     </span>
     <span class='ocr_line' id='line_1_9' title="bbox 350 853 1706 916; baseline 0.002 -17"><span class='ocrx_word' id='word_1_72' title='bbox 350 857 431 907; x_wconf 85' lang='lat' dir='ltr'>set3</span> <span class='ocrx_word' id='word_1_73' title='bbox 460 871 552 899; x_wconf 83' lang='lat' dir='ltr'>nam</span> <span class='ocrx_word' id='word_1_74' title='bbox 574 857 631 899; x_wconf 86' lang='lat' dir='ltr'>ita</span> <span class='ocrx_word' id='word_1_75' title='bbox 649 857 843 913; x_wconf 85' lang='lat' dir='ltr'>scriptum</span> <span class='ocrx_word' id='word_1_76' title='bbox 870 857 1073 914; x_wconf 79' lang='lat' dir='ltr'>reliquiss&#39;e</span> <span class='ocrx_word' id='word_1_77' title='bbox 1101 866 1299 916; x_wconf 84' lang='lat' dir='ltr'>putemus</span> <span class='ocrx_word' id='word_1_78' title='bbox 1328 858 1563 916; x_wconf 84' lang='lat' dir='ltr'>Polybium,</span> <span class='ocrx_word' id='word_1_79' title='bbox 1593 853 1706 902; x_wconf 62' lang='lat' dir='ltr'>³6⁹oe-</span> 
     </span>
     <span class='ocr_line' id='line_1_10' title="bbox 353 927 952 980; baseline -0.002 -9"><span class='ocrx_word' id='word_1_80' title='bbox 353 943 422 973; x_wconf 73' lang='grc' dir='ltr'>ται</span> <span class='ocrx_word' id='word_1_81' title='bbox 453 945 513 980; x_wconf 68' lang='grc' dir='ltr'>’γε</span> <span class='ocrx_word' id='word_1_82' title='bbox 537 927 754 979; x_wconf 66' lang='grc' dir='ltr'>γίγνεσθαι</span> <span class='ocrx_word' id='word_1_83' title='bbox 774 943 819 971; x_wconf 83' lang='grc' dir='ltr'>το</span> <span class='ocrx_word' id='word_1_84' title='bbox 853 927 952 971; x_wconf 77' lang='grc' dir='ltr'><strong>δέον.</strong></span> 
     </span>
    </p>
   </div>
   <div class='ocr_carea' id='block_1_2' title="bbox 167 973 1759 2857">
    <p class='ocr_par' dir='ltr' id='par_1_5' title="bbox 167 973 1759 2857">
     <span class='ocr_line' id='line_1_11' title="bbox 167 973 1704 1061; baseline 0.002 -17"><span class='ocrx_word' id='word_1_85' title='bbox 167 1013 263 1055; x_wconf 75' lang='lat' dir='ltr'>Vers</span> <span class='ocrx_word' id='word_1_86' title='bbox 285 1021 318 1061; x_wconf 88' lang='lat'><em>3</em></span> <span class='ocrx_word' id='word_1_87' title='bbox 442 999 557 1057; x_wconf 73' lang='lat' dir='ltr'>Vers.</span> <span class='ocrx_word' id='word_1_88' title='bbox 582 1013 620 1055; x_wconf 87' lang='lat'><strong>3.</strong></span> <span class='ocrx_word' id='word_1_89' title='bbox 649 997 748 1044; x_wconf 70' lang='grc' dir='ltr'>καθ’</span> <span class='ocrx_word' id='word_1_90' title='bbox 776 1000 987 1058; x_wconf 74' lang='grc' dir='ltr'>ἑκατέροιν.</span> <span class='ocrx_word' id='word_1_91' title='bbox 1041 1001 1204 1045; x_wconf 88' lang='lat' dir='ltr'>Eodem</span> <span class='ocrx_word' id='word_1_92' title='bbox 1231 1003 1358 1046; x_wconf 87' lang='lat' dir='ltr'>modo</span> <span class='ocrx_word' id='word_1_93' title='bbox 1385 973 1553 1046; x_wconf 80' lang='lat' dir='ltr'>confusa</span> <span class='ocrx_word' id='word_1_94' title='bbox 1581 1012 1704 1047; x_wconf 78' lang='lat' dir='ltr'>voca-</span> 
     </span>
     <span class='ocr_line' id='line_1_12' title="bbox 354 1066 1293 1131; baseline 0.003 -15"><span class='ocrx_word' id='word_1_95' title='bbox 354 1073 489 1116; x_wconf 88' lang='lat' dir='ltr'>bula</span> <span class='ocrx_word' id='word_1_96' title='bbox 469 1069 658 1130; x_wconf 65' lang='grc' dir='ltr'>εκάτερος</span> <span class='ocrx_word' id='word_1_97' title='bbox 683 1066 767 1117; x_wconf 70' lang='grc' dir='ltr'>δι”</span> <span class='ocrx_word' id='word_1_98' title='bbox 747 1089 882 1129; x_wconf 67' lang='lat' dir='ltr'>crepat:</span> <span class='ocrx_word' id='word_1_99' title='bbox 899 1075 1076 1118; x_wconf 85' lang='lat' dir='ltr'>vidimus</span> <span class='ocrx_word' id='word_1_100' title='bbox 1094 1074 1147 1118; x_wconf 90' lang='lat'>11.</span> <span class='ocrx_word' id='word_1_101' title='bbox 1161 1074 1233 1131; x_wconf 85' lang='lat'>69,</span> <span class='ocrx_word' id='word_1_102' title='bbox 1251 1087 1293 1130; x_wconf 82' lang='lat'><strong>7.</strong></span> 
     </span>
     <span class='ocr_line' id='line_1_13' title="bbox 169 1142 1707 1212; baseline -0.008 -8"><span class='ocrx_word' id='word_1_103' title='bbox 169 1165 318 1212; x_wconf 77' lang='lat' dir='ltr'>vers.4.</span> <span class='ocrx_word' id='word_1_104' title='bbox 444 1146 493 1190; x_wconf 90' lang='lat' dir='ltr'><em>V</em></span> <span class='ocrx_word' id='word_1_105' title='bbox 487 1143 561 1202; x_wconf 85' lang='lat' dir='ltr'>ers.</span> <span class='ocrx_word' id='word_1_106' title='bbox 579 1157 621 1201; x_wconf 85' lang='lat'><strong>4.</strong></span> <span class='ocrx_word' id='word_1_107' title='bbox 647 1146 851 1202; x_wconf 74' lang='grc' dir='ltr'>πρῶτον</span> <span class='ocrx_word' id='word_1_108' title='bbox 882 1144 1121 1199; x_wconf 73' lang='grc' dir='ltr'><strong>λεγομένων.</strong></span> <span class='ocrx_word' id='word_1_109' title='bbox 1169 1147 1307 1191; x_wconf 87' lang='lat' dir='ltr'>Potest</span> <span class='ocrx_word' id='word_1_110' title='bbox 1327 1146 1428 1191; x_wconf 85' lang='lat' dir='ltr'>ferri</span> <span class='ocrx_word' id='word_1_111' title='bbox 1451 1142 1629 1211; x_wconf 47' lang='lat' dir='ltr'>noire»,</span> <span class='ocrx_word' id='word_1_112' title='bbox 1660 1145 1707 1192; x_wconf 73' lang='grc' dir='ltr'>δι</span> 
     </span>
     <span class='ocr_line' id='line_1_14' title="bbox 354 1218 1731 1274; baseline 0.001 -13"><span class='ocrx_word' id='word_1_113' title='bbox 354 1218 458 1261; x_wconf 84' lang='lat' dir='ltr'>nihil</span> <span class='ocrx_word' id='word_1_114' title='bbox 485 1220 629 1274; x_wconf 87' lang='lat' dir='ltr'>utique</span> <span class='ocrx_word' id='word_1_115' title='bbox 659 1219 783 1261; x_wconf 83' lang='lat' dir='ltr'>habet</span> <span class='ocrx_word' id='word_1_116' title='bbox 807 1219 1087 1262; x_wconf 86' lang='lat' dir='ltr'>incommodi:</span> <span class='ocrx_word' id='word_1_117' title='bbox 1118 1233 1166 1262; x_wconf 82' lang='lat' dir='ltr'>ac</span> <span class='ocrx_word' id='word_1_118' title='bbox 1189 1218 1356 1263; x_wconf 76' lang='lat' dir='ltr'>sortafl‘e</span> <span class='ocrx_word' id='word_1_119' title='bbox 1379 1232 1431 1262; x_wconf 84' lang='lat' dir='ltr'>ex</span> <span class='ocrx_word' id='word_1_120' title='bbox 1460 1219 1608 1263; x_wconf 83' lang='lat' dir='ltr'>codice</span> <span class='ocrx_word' id='word_1_121' title='bbox 1635 1218 1731 1263; x_wconf 47' lang='lat' dir='ltr'>suo*</span> 
     </span>
     <span class='ocr_line' id='line_1_15' title="bbox 355 1281 1708 1347; baseline 0.001 -13"><span class='ocrx_word' id='word_1_122' title='bbox 355 1291 400 1334; x_wconf 88' lang='lat' dir='ltr'>id</span> <span class='ocrx_word' id='word_1_123' title='bbox 418 1289 611 1347; x_wconf 83' lang='lat' dir='ltr'>expreffit</span> <span class='ocrx_word' id='word_1_124' title='bbox 631 1292 789 1346; x_wconf 90' lang='lat' dir='ltr'>primus</span> <span class='ocrx_word' id='word_1_125' title='bbox 811 1292 961 1343; x_wconf 86' lang='lat' dir='ltr'>editor,</span> <span class='ocrx_word' id='word_1_126' title='bbox 981 1305 1117 1347; x_wconf 88' lang='lat' dir='ltr'>neque</span> <span class='ocrx_word' id='word_1_127' title='bbox 1138 1305 1191 1333; x_wconf 84' lang='lat' dir='ltr'>ex</span> <span class='ocrx_word' id='word_1_128' title='bbox 1208 1291 1318 1334; x_wconf 85' lang='lat' dir='ltr'>Med.</span> <span class='ocrx_word' id='word_1_129' title='bbox 1338 1305 1417 1334; x_wconf 87' lang='lat' dir='ltr'>nec</span> <span class='ocrx_word' id='word_1_130' title='bbox 1436 1305 1490 1335; x_wconf 86' lang='lat' dir='ltr'>ex</span> <span class='ocrx_word' id='word_1_131' title='bbox 1509 1281 1609 1337; x_wconf 72' lang='lat' dir='ltr'><strong>Vrb.</strong></span> <span class='ocrx_word' id='word_1_132' title='bbox 1630 1291 1708 1335; x_wconf 79' lang='lat' dir='ltr'>dis-</span> 
     </span>
     <span class='ocr_line' id='line_1_16' title="bbox 352 1353 1708 1420; baseline 0.001 -15"><span class='ocrx_word' id='word_1_133' title='bbox 352 1363 565 1418; x_wconf 84' lang='lat' dir='ltr'>crepantia</span> <span class='ocrx_word' id='word_1_134' title='bbox 596 1371 775 1405; x_wconf 78' lang='lat' dir='ltr'>notatur.</span> <span class='ocrx_word' id='word_1_135' title='bbox 803 1363 884 1406; x_wconf 91' lang='lat' dir='ltr'>Sed</span> <span class='ocrx_word' id='word_1_136' title='bbox 906 1365 1044 1407; x_wconf 87' lang='lat' dir='ltr'>verius</span> <span class='ocrx_word' id='word_1_137' title='bbox 1063 1362 1227 1406; x_wconf 79' lang='lat' dir='ltr'>fortass&#39;e</span> <span class='ocrx_word' id='word_1_138' title='bbox 1245 1364 1372 1407; x_wconf 85' lang='lat' dir='ltr'>fuerit</span> <span class='ocrx_word' id='word_1_139' title='bbox 1397 1353 1633 1420; x_wconf 60' lang='grc' dir='ltr'>κράτων,</span> <span class='ocrx_word' id='word_1_140' title='bbox 1662 1364 1708 1407; x_wconf 85' lang='lat' dir='ltr'>in</span> 
     </span>
     <span class='ocr_line' id='line_1_17' title="bbox 360 1427 1710 1490; baseline 0.001 -14"><span class='ocrx_word' id='word_1_141' title='bbox 360 1436 473 1490; x_wconf 89' lang='lat' dir='ltr'>quod</span> <span class='ocrx_word' id='word_1_142' title='bbox 493 1436 622 1477; x_wconf 86' lang='lat' dir='ltr'>ceteri</span> <span class='ocrx_word' id='word_1_143' title='bbox 641 1435 903 1479; x_wconf 84' lang='lat' dir='ltr'>consentiunt</span> <span class='ocrx_word' id='word_1_144' title='bbox 933 1437 1101 1478; x_wconf 86' lang='lat' dir='ltr'>codices</span> <span class='ocrx_word' id='word_1_145' title='bbox 1132 1434 1177 1479; x_wconf 88' lang='lat'>&amp;</span> <span class='ocrx_word' id='word_1_146' title='bbox 1205 1427 1337 1479; x_wconf 84' lang='lat' dir='ltr'>codex</span> <span class='ocrx_word' id='word_1_147' title='bbox 1357 1434 1509 1480; x_wconf 81' lang='lat' dir='ltr'>Vrssni.</span> <span class='ocrx_word' id='word_1_148' title='bbox 1565 1431 1710 1479; x_wconf 76' lang='lat' dir='ltr'>Simile</span> 
     </span>
     <span class='ocr_line' id='line_1_18' title="bbox 359 1496 1711 1564; baseline 0.001 -14"><span class='ocrx_word' id='word_1_149' title='bbox 359 1509 522 1550; x_wconf 80' lang='lat' dir='ltr'>ratione</span> <span class='ocrx_word' id='word_1_150' title='bbox 544 1509 625 1555; x_wconf 82' lang='grc' dir='ltr'>τοῖς</span> <span class='ocrx_word' id='word_1_151' title='bbox 645 1496 815 1564; x_wconf 70' lang='grc' dir='ltr'><strong><em>πρὥτοις</em></strong></span> <span class='ocrx_word' id='word_1_152' title='bbox 837 1505 1143 1564; x_wconf 72' lang='grc' dir='ltr'><strong><em>ἐπιφερομένοις</em></strong></span> <span class='ocrx_word' id='word_1_153' title='bbox 1177 1508 1279 1551; x_wconf 88' lang='lat' dir='ltr'>dicit</span> <span class='ocrx_word' id='word_1_154' title='bbox 1309 1522 1347 1557; x_wconf 84' lang='lat' dir='ltr'><strong>c.</strong></span> <span class='ocrx_word' id='word_1_155' title='bbox 1371 1518 1452 1564; x_wconf 85' lang='grc'>49,</span> <span class='ocrx_word' id='word_1_156' title='bbox 1476 1511 1518 1560; x_wconf 85' lang='grc'>8.</span> <span class='ocrx_word' id='word_1_157' title='bbox 1546 1505 1594 1551; x_wconf 74' lang='lat' dir='ltr'>&amp;c</span> <span class='ocrx_word' id='word_1_158' title='bbox 1620 1502 1711 1556; x_wconf 71' lang='grc' dir='ltr'>τοῦς</span> 
     </span>
     <span class='ocr_line' id='line_1_19' title="bbox 331 1567 1712 1638; baseline 0.003 -16"><span class='ocrx_word' id='word_1_159' title='bbox 331 1567 333 1570; x_wconf 32' lang='lat'><strong>⁴</strong></span> <span class='ocrx_word' id='word_1_160' title='bbox 360 1576 542 1636; x_wconf 66' lang='grc' dir='ltr'>πρώτους</span> <span class='ocrx_word' id='word_1_161' title='bbox 563 1575 835 1631; x_wconf 77' lang='grc' dir='ltr'><strong><em>οἷκούσαντοις,</em></strong></span> <span class='ocrx_word' id='word_1_162' title='bbox 869 1582 940 1638; x_wconf 87' lang='lat' dir='ltr'>qui</span> <span class='ocrx_word' id='word_1_163' title='bbox 963 1594 1050 1622; x_wconf 82' lang='lat' dir='ltr'>rem</span> <span class='ocrx_word' id='word_1_164' title='bbox 1073 1581 1210 1635; x_wconf 81' lang='lat' dir='ltr'>primo</span> <span class='ocrx_word' id='word_1_165' title='bbox 1233 1579 1427 1632; x_wconf 72' lang='lat' dir='ltr'>audiunt,</span> <span class='ocrx_word' id='word_1_166' title='bbox 1462 1579 1563 1624; x_wconf 89' lang='lat' dir='ltr'><strong>XII.</strong></span> <span class='ocrx_word' id='word_1_167' title='bbox 1589 1589 1642 1636; x_wconf 87' lang='lat'>4,</span> <span class='ocrx_word' id='word_1_168' title='bbox 1670 1589 1712 1637; x_wconf 79' lang='grc'>7.</span> 
     </span>
     <span class='ocr_line' id='line_1_20' title="bbox 362 1648 1711 1706; baseline 0 -10"><span class='ocrx_word' id='word_1_169' title='bbox 362 1649 582 1698; x_wconf 84' lang='lat' dir='ltr'>Vocabula</span> <span class='ocrx_word' id='word_1_170' title='bbox 600 1650 812 1705; x_wconf 63' lang='grc' dir='ltr'><em>γενόμενος</em></span> <span class='ocrx_word' id='word_1_171' title='bbox 836 1652 882 1696; x_wconf 89' lang='lat'>&amp;</span> <span class='ocrx_word' id='word_1_172' title='bbox 905 1648 1120 1706; x_wconf 75' lang='grc' dir='ltr'>λεγὸμενος</span> <span class='ocrx_word' id='word_1_173' title='bbox 1147 1652 1314 1696; x_wconf 82' lang='lat' dir='ltr'>confusa</span> <span class='ocrx_word' id='word_1_174' title='bbox 1342 1653 1521 1696; x_wconf 77' lang='lat' dir='ltr'>vidimus</span> <span class='ocrx_word' id='word_1_175' title='bbox 1551 1652 1586 1696; x_wconf 89' lang='grc' dir='ltr'>Ι.</span> <span class='ocrx_word' id='word_1_176' title='bbox 1598 1651 1645 1704; x_wconf 83' lang='grc'>6,</span> <span class='ocrx_word' id='word_1_177' title='bbox 1672 1665 1711 1697; x_wconf 85' lang='lat'><strong>2.</strong></span> 
     </span>
     <span class='ocr_line' id='line_1_21' title="bbox 361 1708 1712 1782; baseline 0.001 -15"><span class='ocrx_word' id='word_1_178' title='bbox 361 1723 429 1768; x_wconf 84' lang='lat' dir='ltr'>sed</span> <span class='ocrx_word' id='word_1_179' title='bbox 450 1725 491 1768; x_wconf 91' lang='lat' dir='ltr'>id</span> <span class='ocrx_word' id='word_1_180' title='bbox 509 1726 678 1781; x_wconf 82' lang='lat' dir='ltr'>quidem</span> <span class='ocrx_word' id='word_1_181' title='bbox 694 1726 817 1782; x_wconf 87' lang='lat' dir='ltr'>primi</span> <span class='ocrx_word' id='word_1_182' title='bbox 833 1708 1006 1768; x_wconf 79' lang='lat' dir='ltr'>editoris</span> <span class='ocrx_word' id='word_1_183' title='bbox 1026 1724 1109 1767; x_wconf 84' lang='lat' dir='ltr'>five</span> <span class='ocrx_word' id='word_1_184' title='bbox 1134 1725 1294 1768; x_wconf 81' lang='lat' dir='ltr'>incuria</span> <span class='ocrx_word' id='word_1_185' title='bbox 1320 1723 1402 1768; x_wconf 85' lang='lat' dir='ltr'>five</span> <span class='ocrx_word' id='word_1_186' title='bbox 1425 1724 1712 1781; x_wconf 72' lang='lat' dir='ltr'>intempestiva</span> 
     </span>
     <span class='ocr_line' id='line_1_22' title="bbox 358 1795 1710 1854; baseline 0.001 -15"><span class='ocrx_word' id='word_1_187' title='bbox 358 1797 575 1841; x_wconf 80' lang='lat' dir='ltr'>sedulitate</span> <span class='ocrx_word' id='word_1_188' title='bbox 594 1796 763 1842; x_wconf 63' lang='lat' dir='ltr'>saetam.</span> <span class='ocrx_word' id='word_1_189' title='bbox 819 1797 975 1841; x_wconf 88' lang='lat' dir='ltr'>Confer</span> <span class='ocrx_word' id='word_1_190' title='bbox 994 1798 1119 1840; x_wconf 82' lang='lat' dir='ltr'>etiam</span> <span class='ocrx_word' id='word_1_191' title='bbox 1139 1797 1292 1840; x_wconf 88' lang='lat' dir='ltr'>Aduot.</span> <span class='ocrx_word' id='word_1_192' title='bbox 1317 1797 1367 1840; x_wconf 81' lang='lat' dir='ltr'>ad</span> <span class='ocrx_word' id='word_1_193' title='bbox 1387 1795 1439 1843; x_wconf 91' lang='lat' dir='ltr'>V.</span> <span class='ocrx_word' id='word_1_194' title='bbox 1459 1806 1528 1853; x_wconf 83' lang='lat'>45,</span> <span class='ocrx_word' id='word_1_195' title='bbox 1545 1809 1589 1854; x_wconf 82' lang='lat'><strong>4.</strong></span> <span class='ocrx_word' id='word_1_196' title='bbox 1633 1796 1710 1841; x_wconf 84' lang='lat' dir='ltr'>Ce-</span> 
     </span>
     <span class='ocr_line' id='line_1_23' title="bbox 359 1865 1713 1925; baseline -0.001 -12"><span class='ocrx_word' id='word_1_197' title='bbox 359 1876 501 1913; x_wconf 87' lang='lat' dir='ltr'>terum</span> <span class='ocrx_word' id='word_1_198' title='bbox 518 1870 716 1913; x_wconf 89' lang='lat' dir='ltr'>hocloco</span> <span class='ocrx_word' id='word_1_199' title='bbox 737 1868 767 1913; x_wconf 88' lang='lat' dir='ltr'><strong>fi</strong></span> <span class='ocrx_word' id='word_1_200' title='bbox 787 1884 934 1915; x_wconf 86' lang='lat' dir='ltr'>verum</span> <span class='ocrx_word' id='word_1_201' title='bbox 958 1869 1017 1913; x_wconf 91' lang='lat' dir='ltr'>est</span> <span class='ocrx_word' id='word_1_202' title='bbox 1040 1865 1289 1922; x_wconf 69' lang='grc' dir='ltr'><strong>λεγομένων,</strong></span> <span class='ocrx_word' id='word_1_203' title='bbox 1326 1869 1506 1925; x_wconf 84' lang='lat' dir='ltr'>intelligi</span> <span class='ocrx_word' id='word_1_204' title='bbox 1533 1869 1713 1922; x_wconf 74' lang='lat' dir='ltr'>debebit,</span> 
     </span>
     <span class='ocr_line' id='line_1_24' title="bbox 360 1941 1716 1999; baseline 0.002 -16"><span class='ocrx_word' id='word_1_205' title='bbox 360 1943 712 1997; x_wconf 84' lang='lat' dir='ltr'>quemadmodum</span> <span class='ocrx_word' id='word_1_206' title='bbox 729 1942 990 1986; x_wconf 83' lang='lat' dir='ltr'>casaubonus</span> <span class='ocrx_word' id='word_1_207' title='bbox 1018 1942 1311 1997; x_wconf 81' lang='lat' dir='ltr'>interpretatus</span> <span class='ocrx_word' id='word_1_208' title='bbox 1337 1941 1416 1991; x_wconf 85' lang='lat' dir='ltr'>est,</span> <span class='ocrx_word' id='word_1_209' title='bbox 1444 1941 1607 1999; x_wconf 77' lang='lat' dir='ltr'>quando</span> <span class='ocrx_word' id='word_1_210' title='bbox 1627 1941 1716 1997; x_wconf 57' lang='lat' dir='ltr'>pris·</span> 
     </span>
     <span class='ocr_line' id='line_1_25' title="bbox 361 2011 1718 2070; baseline 0.001 -14"><span class='ocrx_word' id='word_1_211' title='bbox 361 2028 474 2058; x_wconf 68' lang='lat' dir='ltr'>vuum</span> <span class='ocrx_word' id='word_1_212' title='bbox 495 2016 536 2057; x_wconf 79' lang='lat' dir='ltr'>in</span> <span class='ocrx_word' id='word_1_213' title='bbox 546 2013 718 2058; x_wconf 80' lang='lat' dir='ltr'>medium</span> <span class='ocrx_word' id='word_1_214' title='bbox 729 2013 985 2070; x_wconf 82' lang='lat' dir='ltr'>adseruntur,</span> <span class='ocrx_word' id='word_1_215' title='bbox 997 2014 1063 2057; x_wconf 90' lang='lat' dir='ltr'>vel</span> <span class='ocrx_word' id='word_1_216' title='bbox 1071 2011 1417 2070; x_wconf 81' lang='lat' dir='ltr'>quandoprimum</span> <span class='ocrx_word' id='word_1_217' title='bbox 1422 2019 1718 2069; x_wconf 80' lang='lat' dir='ltr'>proponuntur.</span> 
     </span>
     <span class='ocr_line' id='line_1_26' title="bbox 180 2083 1716 2144; baseline -0.002 -13"><span class='ocrx_word' id='word_1_218' title='bbox 180 2083 277 2126; x_wconf 70' lang='lat' dir='ltr'>vus.</span> <span class='ocrx_word' id='word_1_219' title='bbox 296 2093 330 2131; x_wconf 87' lang='lat'>5·</span> <span class='ocrx_word' id='word_1_220' title='bbox 453 2086 502 2131; x_wconf 91' lang='lat' dir='ltr'><em>V</em></span> <span class='ocrx_word' id='word_1_221' title='bbox 497 2084 570 2144; x_wconf 86' lang='lat' dir='ltr'>ers.</span> <span class='ocrx_word' id='word_1_222' title='bbox 593 2097 630 2142; x_wconf 83' lang='lat'><strong>5.</strong></span> <span class='ocrx_word' id='word_1_223' title='bbox 663 2087 874 2144; x_wconf 73' lang='grc' dir='ltr'>δυσχερῶν</span> <span class='ocrx_word' id='word_1_224' title='bbox 894 2100 990 2130; x_wconf 89' lang='lat' dir='ltr'>cum</span> <span class='ocrx_word' id='word_1_225' title='bbox 1010 2084 1164 2141; x_wconf 87' lang='lat' dir='ltr'>Scalig.</span> <span class='ocrx_word' id='word_1_226' title='bbox 1181 2085 1363 2128; x_wconf 89' lang='lat' dir='ltr'>correxit</span> <span class='ocrx_word' id='word_1_227' title='bbox 1383 2083 1548 2128; x_wconf 84' lang='lat' dir='ltr'><strong>Casaub.</strong></span> <span class='ocrx_word' id='word_1_228' title='bbox 1571 2084 1716 2140; x_wconf 74' lang='grc' dir='ltr'><strong><em>δυσχε·</em></strong></span> 
     </span>
     <span class='ocr_line' id='line_1_27' title="bbox 361 2157 1716 2218; baseline -0.001 -15"><span class='ocrx_word' id='word_1_229' title='bbox 361 2160 439 2218; x_wconf 62' lang='lat'><strong>95.-</strong></span> <span class='ocrx_word' id='word_1_230' title='bbox 460 2161 525 2203; x_wconf 89' lang='lat' dir='ltr'>ed.</span> <span class='ocrx_word' id='word_1_231' title='bbox 551 2173 587 2203; x_wconf 88' lang='lat'><strong>1.</strong></span> <span class='ocrx_word' id='word_1_232' title='bbox 609 2174 706 2204; x_wconf 89' lang='lat' dir='ltr'>cum</span> <span class='ocrx_word' id='word_1_233' title='bbox 727 2160 886 2203; x_wconf 87' lang='lat' dir='ltr'>msstis.</span> <span class='ocrx_word' id='word_1_234' title='bbox 924 2158 973 2201; x_wconf 88' lang='lat' dir='ltr'>In</span> <span class='ocrx_word' id='word_1_235' title='bbox 992 2171 1076 2201; x_wconf 90' lang='lat' dir='ltr'>uno</span> <span class='ocrx_word' id='word_1_236' title='bbox 1095 2158 1198 2214; x_wconf 85' lang='lat' dir='ltr'><strong>Reg.</strong></span> <span class='ocrx_word' id='word_1_237' title='bbox 1218 2157 1263 2201; x_wconf 87' lang='lat' dir='ltr'>F.</span> <span class='ocrx_word' id='word_1_238' title='bbox 1281 2158 1516 2201; x_wconf 76' lang='lat' dir='ltr'>terminatio</span> <span class='ocrx_word' id='word_1_239' title='bbox 1535 2158 1716 2215; x_wconf 85' lang='lat' dir='ltr'>primum</span> 
     </span>
     <span class='ocr_line' id='line_1_28' title="bbox 363 2227 1716 2283; baseline -0.001 -9"><span class='ocrx_word' id='word_1_240' title='bbox 363 2232 501 2275; x_wconf 84' lang='lat' dir='ltr'>fuerat</span> <span class='ocrx_word' id='word_1_241' title='bbox 522 2233 596 2283; x_wconf 78' lang='grc' dir='ltr'>ῶν,</span> <span class='ocrx_word' id='word_1_242' title='bbox 625 2232 691 2275; x_wconf 89' lang='lat' dir='ltr'>sed</span> <span class='ocrx_word' id='word_1_243' title='bbox 714 2233 832 2276; x_wconf 85' lang='lat' dir='ltr'>litera</span> <span class='ocrx_word' id='word_1_244' title='bbox 855 2247 875 2273; x_wconf 83' lang='grc' dir='ltr'><em>ν</em></span> <span class='ocrx_word' id='word_1_245' title='bbox 899 2231 941 2272; x_wconf 85' lang='grc' dir='ltr'>ἰη</span> <span class='ocrx_word' id='word_1_246' title='bbox 970 2245 995 2272; x_wconf 78' lang='lat' dir='ltr'>a·</span> <span class='ocrx_word' id='word_1_247' title='bbox 1027 2236 1183 2272; x_wconf 79' lang='lat' dir='ltr'>mutata</span> <span class='ocrx_word' id='word_1_248' title='bbox 1212 2228 1261 2272; x_wconf 86' lang='lat' dir='ltr'>ab</span> <span class='ocrx_word' id='word_1_249' title='bbox 1290 2227 1437 2272; x_wconf 79' lang='lat' dir='ltr'>eadem</span> <span class='ocrx_word' id='word_1_250' title='bbox 1465 2235 1602 2273; x_wconf 70' lang='lat' dir='ltr'>manu.</span> <span class='ocrx_word' id='word_1_251' title='bbox 1654 2247 1716 2262; x_wconf 61' lang='lat'>³-</span> 
     </span>
     <span class='ocr_line' id='line_1_29' title="bbox 367 2293 1652 2360; baseline -0.002 -14"><span class='ocrx_word' id='word_1_252' title='bbox 367 2303 474 2347; x_wconf 76' lang='lat' dir='ltr'>Ibid.</span> <span class='ocrx_word' id='word_1_253' title='bbox 496 2305 575 2347; x_wconf 78' lang='grc' dir='ltr'>τῶν</span> <span class='ocrx_word' id='word_1_254' title='bbox 596 2299 812 2347; x_wconf 64' lang='grc' dir='ltr'>ἀδυνάτων.</span> <span class='ocrx_word' id='word_1_255' title='bbox 842 2303 1061 2360; x_wconf 79' lang='lat' dir='ltr'>perperam</span> <span class='ocrx_word' id='word_1_256' title='bbox 1083 2293 1356 2345; x_wconf 56' lang='lat' dir='ltr'>effisdvvoirwv</span> <span class='ocrx_word' id='word_1_257' title='bbox 1377 2300 1480 2358; x_wconf 88' lang='lat' dir='ltr'><strong>Reg.</strong></span> <span class='ocrx_word' id='word_1_258' title='bbox 1496 2301 1543 2344; x_wconf 86' lang='lat' dir='ltr'><strong>F.</strong></span> <span class='ocrx_word' id='word_1_259' title='bbox 1564 2299 1616 2346; x_wconf 86' lang='lat' dir='ltr'><strong>G.</strong></span> <span class='ocrx_word' id='word_1_260' title='bbox 1649 2295 1652 2298; x_wconf 39' lang='lat'><em>¹</em></span> 
     </span>
     <span class='ocr_line' id='line_1_30' title="bbox 182 2366 1719 2433; baseline -0.007 -7"><span class='ocrx_word' id='word_1_261' title='bbox 182 2384 277 2426; x_wconf 73' lang='lat' dir='ltr'>vus.</span> <span class='ocrx_word' id='word_1_262' title='bbox 298 2385 334 2424; x_wconf 88' lang='grc'>6.</span> <span class='ocrx_word' id='word_1_263' title='bbox 459 2375 569 2433; x_wconf 69' lang='lat' dir='ltr'>Verjs.</span> <span class='ocrx_word' id='word_1_264' title='bbox 592 2377 632 2421; x_wconf 86' lang='lat'><strong>6.</strong></span> <span class='ocrx_word' id='word_1_265' title='bbox 672 2373 719 2419; x_wconf 70' lang='grc' dir='ltr'>τὸ</span> <span class='ocrx_word' id='word_1_266' title='bbox 750 2372 964 2429; x_wconf 70' lang='grc' dir='ltr'>γενόμενον</span> <span class='ocrx_word' id='word_1_267' title='bbox 982 2375 1050 2417; x_wconf 75' lang='grc' dir='ltr'>ἐπὶ</span> <span class='ocrx_word' id='word_1_268' title='bbox 1067 2375 1137 2430; x_wconf 74' lang='grc' dir='ltr'>τῆς</span> <span class='ocrx_word' id='word_1_269' title='bbox 1156 2369 1439 2425; x_wconf 63' lang='grc' dir='ltr'>ἀναγνώσεως,</span> <span class='ocrx_word' id='word_1_270' title='bbox 1477 2371 1587 2430; x_wconf 80' lang='lat' dir='ltr'>quod</span> <span class='ocrx_word' id='word_1_271' title='bbox 1601 2371 1661 2431; x_wconf 76' lang='lat' dir='ltr'>fit</span> <span class='ocrx_word' id='word_1_272' title='bbox 1675 2366 1719 2415; x_wconf 73' lang='grc' dir='ltr'>ἰκ</span> 
     </span>
     <span class='ocr_line' id='line_1_31' title="bbox 365 2444 1721 2505; baseline -0.004 -13"><span class='ocrx_word' id='word_1_273' title='bbox 365 2449 545 2505; x_wconf 76' lang='lat' dir='ltr'>legendo.</span> <span class='ocrx_word' id='word_1_274' title='bbox 574 2449 734 2492; x_wconf 84' lang='lat' dir='ltr'>Eadem</span> <span class='ocrx_word' id='word_1_275' title='bbox 769 2450 1082 2505; x_wconf 87' lang='lat' dir='ltr'>comparatione</span> <span class='ocrx_word' id='word_1_276' title='bbox 1111 2448 1204 2490; x_wconf 86' lang='lat' dir='ltr'>usus</span> <span class='ocrx_word' id='word_1_277' title='bbox 1232 2446 1290 2490; x_wconf 74' lang='lat' dir='ltr'>est</span> <span class='ocrx_word' id='word_1_278' title='bbox 1316 2444 1486 2501; x_wconf 84' lang='lat' dir='ltr'>Dionys.</span> <span class='ocrx_word' id='word_1_279' title='bbox 1514 2444 1649 2487; x_wconf 81' lang='lat' dir='ltr'>Halic.</span> <span class='ocrx_word' id='word_1_280' title='bbox 1676 2444 1721 2487; x_wconf 84' lang='lat' dir='ltr'>in</span> 
     </span>
     <span class='ocr_line' id='line_1_32' title="bbox 358 2514 1720 2579; baseline -0.005 -14"><span class='ocrx_word' id='word_1_281' title='bbox 358 2522 438 2565; x_wconf 80' lang='lat' dir='ltr'>lib.</span> <span class='ocrx_word' id='word_1_282' title='bbox 457 2523 508 2564; x_wconf 86' lang='lat' dir='ltr'>de</span> <span class='ocrx_word' id='word_1_283' title='bbox 527 2522 838 2579; x_wconf 82' lang='lat' dir='ltr'>Compofitione</span> <span class='ocrx_word' id='word_1_284' title='bbox 858 2520 1032 2567; x_wconf 87' lang='lat' dir='ltr'>Verbor.</span> <span class='ocrx_word' id='word_1_285' title='bbox 1052 2535 1089 2563; x_wconf 92' lang='lat' dir='ltr'><strong>c.</strong></span> <span class='ocrx_word' id='word_1_286' title='bbox 1112 2531 1179 2574; x_wconf 83' lang='lat'><strong>25.</strong></span> <span class='ocrx_word' id='word_1_287' title='bbox 1215 2518 1269 2562; x_wconf 82' lang='lat' dir='ltr'><strong>T.</strong></span> <span class='ocrx_word' id='word_1_288' title='bbox 1292 2514 1346 2562; x_wconf 90' lang='lat' dir='ltr'>V.</span> <span class='ocrx_word' id='word_1_289' title='bbox 1375 2517 1473 2560; x_wconf 79' lang='lat' dir='ltr'>edit.</span> <span class='ocrx_word' id='word_1_290' title='bbox 1504 2515 1647 2560; x_wconf 81' lang='lat' dir='ltr'>Reisk.</span> <span class='ocrx_word' id='word_1_291' title='bbox 1678 2527 1720 2572; x_wconf 78' lang='lat' dir='ltr'><strong>p.</strong></span> 
     </span>
     <span class='ocr_line' id='line_1_33' title="bbox 370 2587 1720 2650; baseline -0.004 -12"><span class='ocrx_word' id='word_1_292' title='bbox 370 2607 457 2638; x_wconf 81' lang='lat'>210</span> <span class='ocrx_word' id='word_1_293' title='bbox 475 2595 528 2650; x_wconf 84' lang='lat' dir='ltr'>sq.</span> <span class='ocrx_word' id='word_1_294' title='bbox 559 2593 663 2639; x_wconf 84' lang='lat' dir='ltr'>&amp;m</span> <span class='ocrx_word' id='word_1_295' title='bbox 681 2595 751 2637; x_wconf 86' lang='lat' dir='ltr'>hb</span> <span class='ocrx_word' id='word_1_296' title='bbox 776 2595 828 2636; x_wconf 92' lang='lat' dir='ltr'>de</span> <span class='ocrx_word' id='word_1_297' title='bbox 845 2592 1138 2636; x_wconf 86' lang='lat' dir='ltr'>Demosthenis</span> <span class='ocrx_word' id='word_1_298' title='bbox 1163 2606 1207 2635; x_wconf 80' lang='lat' dir='ltr'>vi</span> <span class='ocrx_word' id='word_1_299' title='bbox 1224 2589 1484 2642; x_wconf 76' lang='lat' dir='ltr'>indicendo,</span> <span class='ocrx_word' id='word_1_300' title='bbox 1519 2601 1560 2632; x_wconf 87' lang='lat' dir='ltr'><strong>c.</strong></span> <span class='ocrx_word' id='word_1_301' title='bbox 1579 2597 1648 2643; x_wconf 81' lang='lat'><strong>52.</strong></span> <span class='ocrx_word' id='word_1_302' title='bbox 1666 2587 1720 2632; x_wconf 88' lang='grc' dir='ltr'>Τ.</span> 
     </span>
     <span class='ocr_line' id='line_1_34' title="bbox 371 2664 733 2723; baseline -0.009 -12"><span class='ocrx_word' id='word_1_303' title='bbox 371 2664 452 2711; x_wconf 91' lang='lat' dir='ltr'><strong>VI.</strong></span> <span class='ocrx_word' id='word_1_304' title='bbox 486 2681 526 2723; x_wconf 90' lang='lat' dir='ltr'>p.</span> <span class='ocrx_word' id='word_1_305' title='bbox 553 2680 568 2709; x_wconf 87' lang='lat'>1</span> <span class='ocrx_word' id='word_1_306' title='bbox 583 2681 597 2709; x_wconf 90' lang='lat'>1</span> <span class='ocrx_word' id='word_1_307' title='bbox 611 2678 660 2722; x_wconf 88' lang='lat'>14</span> <span class='ocrx_word' id='word_1_308' title='bbox 678 2667 733 2722; x_wconf 88' lang='lat' dir='ltr'>sq.</span> 
     </span>
     <span class='ocr_line' id='line_1_35' title="bbox 182 2680 1721 2795; baseline -0.008 -8"><span class='ocrx_word' id='word_1_309' title='bbox 182 2746 280 2789; x_wconf 83' lang='lat' dir='ltr'>vets.</span> <span class='ocrx_word' id='word_1_310' title='bbox 299 2756 336 2795; x_wconf 83' lang='lat'>⁷·</span> <span class='ocrx_word' id='word_1_311' title='bbox 465 2739 507 2782; x_wconf 86' lang='lat' dir='ltr'><em>V</em></span> <span class='ocrx_word' id='word_1_312' title='bbox 502 2736 575 2795; x_wconf 67' lang='lat' dir='ltr'>ets</span> <span class='ocrx_word' id='word_1_313' title='bbox 596 2752 636 2794; x_wconf 90' lang='lat'><strong>7.</strong></span> <span class='ocrx_word' id='word_1_314' title='bbox 669 2738 823 2783; x_wconf 68' lang='grc' dir='ltr'>ἔτι-ειτα.</span> <span class='ocrx_word' id='word_1_315' title='bbox 881 2729 1054 2795; x_wconf 49' lang='lat' dir='ltr'>stimma</span> <span class='ocrx_word' id='word_1_316' title='bbox 1073 2750 1126 2780; x_wconf 84' lang='lat' dir='ltr'>ex</span> <span class='ocrx_word' id='word_1_317' title='bbox 1146 2734 1264 2782; x_wconf 80' lang='lat' dir='ltr'>Leid.</span> <span class='ocrx_word' id='word_1_318' title='bbox 1288 2733 1434 2779; x_wconf 79' lang='lat' dir='ltr'>citavit</span> <span class='ocrx_word' id='word_1_319' title='bbox 1461 2680 1592 2778; x_wconf 78' lang='lat' dir='ltr'>Gron.</span> <span class='ocrx_word' id='word_1_320' title='bbox 1633 2702 1721 2776; x_wconf 56' lang='lat' dir='ltr'>no}</span> 
     </span>
     <span class='ocr_line' id='line_1_36' title="bbox 371 2811 1759 2857; baseline 0 0"><span class='ocrx_word' id='word_1_321' title='bbox 371 2811 440 2857; x_wconf 85' lang='lat' dir='ltr'>stri</span> <span class='ocrx_word' id='word_1_322' title='bbox 462 2813 519 2856; x_wconf 88' lang='lat' dir='ltr'>nil</span> <span class='ocrx_word' id='word_1_323' title='bbox 548 2813 716 2857; x_wconf 84' lang='lat' dir='ltr'>variant.</span> <span class='ocrx_word' id='word_1_324' title='bbox 1755 2812 1759 2821; x_wconf 84' lang='grc'>’</span> 
     </span>
    </p>
   </div>
   <div class='ocr_carea' id='block_1_3' title="bbox 1608 2938 1770 3007">
    <p class='ocr_par' dir='ltr' id='par_1_6' title="bbox 1608 2938 1770 3007">
     <span class='ocr_line' id='line_1_37' title="bbox 1608 2938 1770 3007; baseline -0.012 -15"><span class='ocrx_word' id='word_1_325' title='bbox 1608 2938 1727 3002; x_wconf 71' lang='lat' dir='ltr'>mrs.</span> <span class='ocrx_word' id='word_1_326' title='bbox 1757 2964 1770 3007; x_wconf 69' lang='lat'><strong><em>9</em></strong></span> 
     </span>
    </p>
   </div>
   <div class='ocr_carea' id='block_1_4' title="bbox 1720 0 1780 3190">
    <p class='ocr_par' dir='ltr' id='par_1_7' title="bbox 1720 0 1780 3190">
     <span class='ocr_line' id='line_1_38' title="bbox 1720 0 1780 3190; baseline 0 0"><span class='ocrx_word' id='word_1_327' title='bbox 1720 0 1780 3190; x_wconf 95' lang='lat' dir='ltr'> </span> 
     </span>
    </p>
   </div>
  </div>
 </body>
</html>
