1806 3262
332 204 417 257 328
613 229 648 247 .-
718 209 1224 244 annox-anonim

134 307 309 377 W
429 313 540 371 Verfi
551 315 593 359 6.
614 310 680 371 xa)
699 309 905 370 διαφόρου.
923 308 992 356 καὶ
1012 309 1240 371 ἀδιαφόρως
1254 314 1358 372 Reg.
1368 314 1417 360 E.
1436 313 1530 364 ἴσως
1548 307 1712 370 :510thss

341 402 416 445 ρως
438 385 511 430 ora
531 388 647 443 Aug.
670 389 877 443 imperite.
906 381 1100 442 διάφορον
1126 388 1184 429 est
1197 387 1386 442 pecunia,
1421 402 1490 431 res
1504 389 1692 444 pecunia*-

344 461 440 502 ria:
470 473 595 515 quam
617 460 814 503 nimirum
830 458 998 515 pluritui
1017 459 1219 502 aestimant
1246 460 1455 505 homi-nes.
1489 480 1548 492 ·-·
1582 458 1693 504 Ibid.

344 531 572 585 ἐπιφανείς.
614 530 806 586 ἐκφανεῖς
835 531 940 588 Reg.
960 530 1012 574 D.
1041 531 1179 574 Oxou.
1249 531 1306 575 Et
1332 533 1468 588 magis
1495 538 1694 589 corrupte

344 600 544 661 ἐπιφορὰς
564 606 669 661 Reg.
681 604 731 648 E.

162 673 256 711 Vers·
277 679 313 718 8
433 675 549 733 Vers.
570 681 612 728 8.
641 675 702 718 ἔτι
723 674 766 717 δὲ
781 673 896 718 τεξὶε
916 675 1122 719 dederunt
1139 676 1250 731 Aug.
1266 674 1370 732 Reg.
1379 673 1432 719 D.
1440 675 1494 720 E.
1549 675 1694 732 Vulgo

347 746 408 790 ετι
428 743 487 804 δή.
545 768 600 780 -
656 745 763 791 Ibid.
782 745 1044 802 Τιβουρίνων.
1098 746 1156 791 Et
1181 747 1444 804 Τιβυρτῖνος,
1477 747 1524 792 &
1547 747 1699 804 Τιβου-

347 836 450 878 ρινος
470 821 641 863 formari
663 821 744 862 hoc
768 821 940 876 gentile,
966 822 1094 863 docet
1110 819 1359 876 Stephanus.

141 891 235 933 vers.
258 903 313 933 ιο.
439 891 552 950 Vevs.
579 905 644 936 10.
661 886 793 946 ’Έχει
824 891 866 934 δὲ
890 890 1005 934 recte
1035 884 1201 935 casaub.
1228 893 1364 936 nescio
1393 906 1458 936 an
1474 893 1581 936 cum‘
1595 893 1701 941 Vrb.·

350 973 465 1007 certe
487 979 582 1007 cum
599 965 703 1020 Reg.
714 965 761 1006 E.
791 962 906 1019 ἔχειν
927 963 970 1006 δὲ
988 965 1053 1006 ed.
1069 977 1106 1007 1.
1123 966 1233 1009 Med.
1248 967 1359 1022 Aug.
1377 965 1480 1023 Reg.
1490 964 1543 1009 D.
1560 964 1701 1010 Oxou.

353 1025 465 1092 Vers.
487 1049 550 1080 12.
568 1030 629 1080 ὅτι
645 1034 852 1093 μεγίστην.
871 1028 970 1078 ’ὅταν
989 1050 1083 1089 μεν.
1112 1038 1226 1081 Med.
1244 1038 1367 1082 male.

142 1170 382 1217 cap.xv,·
670 1219 676 1227 ¹
791 1164 1098 1211 cAPvT
1153 1135 1259 1211 xx‘s.

170 1246 265 1289 vers,
284 1259 318 1288 2·
439 1249 550 1308 Vens]
565 1264 605 1297 2.
635 1252 746 1296 Ante
762 1251 946 1305 ἐξουσίας
956 1253 1178 1295 articulum
1195 1253 1266 1308 τῆς
1285 1253 1436 1309 repetit
1447 1253 1513 1297 ed.
1529 1265 1565 1297 1.
1576 1265 1703 1309 quem
1737 1297 1741 1301 ,

350 1324 547 1378 ignorant
567 1326 688 1368 codd.
711 1326 850 1376 nostri,
881 1324 925 1368 &
943 1323 1175 1367 reetecum
1194 1323 1339 1370 Vrfino
1365 1326 1519 1368 delevit
1535 1324 1703 1368 Casaub.

351 1393 458 1438 Ibid.
480 1394 713 1439 συντέλειαν
733 1412 785 1439 ex
805 1412 878 1439 ora
897 1399 963 1439 ed.
981 1410 1016 1452 1.
1035 1399 1196 1452 recepit
1215 1397 1378 1442 casaub.
1409 1398 1546 1440 Habet
1563 1406 1705 1440 autem

351 1467 434 1510 hoc
455 1470 588 1511 codex
616 1470 726 1512 Med.
759 1470 803 1512 ni
823 1469 927 1511 fallit
953 1469 1121 1512 collatio
1153 1467 1430 1513 Gronoviana.
1497 1467 1706 1524 Corrupte
1743 1501 1747 1506 .

355 1537 579 1589 συγΐένειοιν
599 1543 663 1584 ed.
687 1554 723 1584 1.
740 1542 783 1584 in
802 1547 1025 1593 contextu,
1053 1541 1098 1585 &
1116 1541 1343 1597 Reg.D.E.
1367 1541 1506 1584 Oxou.
1532 1547 1637 1596 puto
1656 1537 1704 1582 δε

356 1609 460 1655 Vrb.
478 1626 516 1654 e.
535 1626 620 1669 quo
638 1613 751 1656 nulla
769 1612 1039 1668 discrepantia
1055 1621 1238 1657 notatur.
1295 1612 1379 1658 Sed
1408 1627 1482 1657 ora
1500 1613 1615 1669 Aug.
1636 1625 1706 1655 an-

357 1683 472 1738 tiqua
487 1698 635 1737 manu,
655 1684 749 1733 ἴσως
768 1683 1014 1730 συντέλειαν.

176 1754 272 1793 Veis·
292 1763 326 1800 δ·
443 1754 561 1812 Vers.
583 1770 623 1812 3.
652 1757 879 1814 προσδᾶτοι]
901 1754 956 1799 δέ.
987 1752 1032 1814 δὴ
1052 1758 1116 1800 ed.
1134 1770 1171 1801 1.
1196 1758 1308 1802 Med.
1326 1756 1430 1815 Reg.
1441 1757 1493 1801 D.
1508 1779 1567 1788 -
1596 1754 1707 1800 Ibid.

359 1826 430 1869 ἐπὶ
456 1825 584 1876 τέλος.
614 1830 681 1872 ἐπὶ
699 1828 839 1877 τέλους
865 1831 976 1886 Aug.
1005 1831 1110 1887 Reg.
1129 1829 1181 1873 D.
1200 1831 1249 1873 E.
1275 1831 1394 1874 male.
1451 1830 1551 1873 Mox
1574 1821 1712 1874 ι’κανδα

358 1911 435 1955 pro
456 1897 589 1949 ι’κοινός
610 1903 722 1958 Aug.
743 1902 844 1957 Reg.
857 1901 908 1944 D.
935 1901 1039 1946 Vrb.
1096 1902 1145 1946 In
1166 1903 1268 1958 Reg.
1278 1903 1327 1945 E.
1347 1899 1595 1944 correfimm.

180 1975 276 2015 Vers.
295 1986 330 2022 4.
451 1971 568 2030 Vers.
579 1985 620 2028 4.
651 1968 746 2015 ἄνευ
770 1973 812 2016 δὲ
842 1973 912 2029 τῆς
940 1969 1166 2030 συγκλήτου
1184 1970 1455 2030 βουλήματος.
1483 1967 1711 2028 βουλεύμασ-

363 2057 430 2091 roc
452 2045 564 2101 Aug.
622 2045 769 2091 Videri
789 2053 927 2088 autem
947 2047 1082 2102 potest
1101 2047 1215 2098 hoc,·
1238 2048 1351 2103 quod
1375 2060 1486 2089 nunc
1505 2047 1618 2096 dicit,
1637 2058 1710 2102 pu-

363 2129 494 2172 gnare
514 2130 612 2160 cum
637 2131 727 2174 cap.
745 2129 791 2160 12
805 2149 817 2169 ‚
838 2121 881 2169 8.
909 2117 954 2160 &
977 2131 1050 2173 13,
1070 2131 1110 2162 2.
1141 2119 1210 2163 sed
1241 2119 1362 2162 facile
1391 2118 1605 2161 conciliari
1622 2116 1714 2172 pof-

364 2187 470 2230 sunt.
499 2188 716 2245 Postquam
733 2190 920 2233 decrevit
932 2190 1092 2233 senatus
1106 2191 1329 2246 impensam
1347 2191 1389 2233 in
1400 2190 1553 2233 bellum
1562 2190 1715 2232 facien-

362 2260 481 2310 dam,
509 2260 556 2305 δι
577 2261 791 2317 postquam
807 2263 985 2320 pecunia
1005 2265 1154 2306 tradita
1169 2264 1228 2306 est
1247 2263 1465 2319 quaestori3
1495 2268 1595 2304 tunc
1615 2274 1716 2303 con·

364 2331 425 2375 sul
451 2334 582 2377 utitur
607 2335 785 2391 pecunia
811 2341 937 2390 prout
964 2333 1038 2390 ipfi
1066 2324 1242 2379 videtur.
1298 2334 1382 2378 Sed
1410 2333 1455 2378 &
1485 2335 1628 2384 initiO,
1667 2330 1716 2376 &

364 2402 529 2456 deinde,
557 2406 630 2448 ubi
658 2407 782 2449 novis
804 2407 1108 2450 commeatibus
1135 2406 1180 2451 δε
1207 2408 1400 2463 pecuniae
1427 2406 1715 2463 supplemento

365 2488 474 2532 opus
499 2477 580 2529 est,
606 2479 652 2520 in
668 2478 831 2522 senatus
853 2479 1055 2534 potestate
1073 2492 1140 2521 res
1169 2480 1228 2522 est
1249 2477 1390 2535 pofita.

186 2534 282 2574 ναί
305 2545 335 2583 5·
453 2547 571 2604 Vers.
595 2559 632 2604 ς.
671 2546 879 2605 ἐπιβολάς.
910 2547 1131 2607 ἐπιβουλάς
1167 2552 1276 2595 Med.
1314 2551 1418 2606 Reg.
1442 2550 1495 2593 D.
1517 2549 1564 2593 E.
1594 2547 1718 2591 male.

364 2619 464 2662 Mox
489 2622 568 2663 τῶν
586 2621 844 2676 βουλομένων
866 2625 980 2668 Leid.
999 2639 1078 2681 pro
1105 2625 1183 2666 τῶν
1204 2620 1420 2679 ἤγουμέων.
1453 2639 1513 2653 ⁴—-
1549 2617 1665 2676 Vevjfi
1675 2618 1720 2663 6.
1748 2647 1750 2651 -

367 2689 525 2751 διέλθῃ.
546 2692 701 2739 διέλθοι
717 2695 822 2754 Reg.
836 2696 888 2739 D.
901 2697 1038 2740 Oxon.
1050 2694 1167 2742 ἔλθοι
1178 2697 1281 2751 Reg.
1291 2696 1339 2738 E.
1357 2689 1544 2749 -Verst
1553 2697 1592 2744 8.
1605 2686 1718 2748 ἐναίρ-

367 2778 472 2815 Ὑθῑοε.
501 2765 680 2823 ἐνέργειαι
709 2771 773 2810 ed.
792 2782 826 2811 1.
857 2768 961 2824 Reg.
981 2770 1033 2812 D.
1093 2790 1151 2802 -
1207 2767 1313 2810 Ibid.
1335 2761 1602 2813 δύνανται,
1631 2763 1718 2807 soil.

366 2837 409 2881 οἱ
421 2838 649 2897 στρατηγοί.
705 2844 834 2887 Modo
857 2842 969 2886 enim
986 2841 1080 2886 usus
1100 2839 1348 2900 eratplurali
1367 2839 1447 2883 τῶν
1468 2849 1718 2952 οτροιτηῖἴέ.

1662 2921 1674 2950 ι
