1806 3262
475 234 550 273 Ab
578 234 944 274 rozrn.,v111.
975 238 1015 282 5.
1334 232 1416 281 4‘41

71 336 198 393 Mac,
216 332 390 400 πληὰἰον
405 342 687 400 Συρακουσῶν.
743 342 813 386 Ad
839 342 1111 399 illamljigitur
1140 337 1293 399 Τύχην
1315 342 1422 384 refe·
1448 307 1629 404 ᾖ

71 418 241 459 rendam
269 416 351 459 efl'e
385 416 490 458 hanc
515 420 712 471 corrupto
735 416 914 457 nomine
941 415 984 456 in
1016 415 1254 470 fragmento
1282 414 1423 457 nostro

10 532 19 536 ,
72 486 302 545 Polybiane
324 483 538 542 Σκυθικήν
559 487 626 531 vel
645 481 850 542 Σκυτικήν
873 482 997 528 στοοὶν
1018 487 1284 542 adpellatam,
1323 500 1426 527 con-

70 557 261 601 firmatur
278 561 396 614 inde,
423 561 536 616 quod
559 560 609 602 ad
627 551 816 601 eamdem
835 559 948 602 urbis
967 566 1128 614 par-tem
1149 571 1249 599 mox
1267 557 1368 600 vers.
1381 555 1426 600 6.

71 625 125 673 roz
139 626 355 682 Ἑξάπυλα
373 638 596 687 ponuntur.
640 629 858 686 Hexapyla
876 637 1015 672 autem
1033 629 1146 681 (vel,
1176 637 1224 672 ut
1241 628 1311 671 alii
1329 629 1425 671 scri-

44 695 48 698 *
69 701 197 754 bunt,
227 695 508 759 Hexapylum)
527 703 643 746 fuisse
662 709 826 758 portam
845 702 1065 757 majorem,
1095 714 1190 757 quae
1211 715 1261 743 ex
1288 699 1425 755 Tycha

69 773 240 831 Megara
264 776 404 819 versus
431 776 476 819 ὅτ
502 776 547 818 in
574 775 803 818 Leontinos
833 773 1069 824 emittebat,
1119 787 1172 815 ex
1202 771 1425 815 Plutarcho

70 845 272 903 Livioque
290 849 435 890 docuit
453 847 654 892 cluverus
676 860 716 902 p.
739 854 832 901 149-
888 845 1109 888 Rationem
1133 845 1317 887 nominis
1347 844 1426 898 Ty-

72 917 155 961 choe
171 919 322 962 Cicero
337 921 490 976 aperit,
518 920 615 962 loeo
634 918 762 961 citato
779 908 836 960 ita
855 917 1059 959 scribens:
1092 917 1217 959 tertia
1235 916 1291 974 est.
1306 914 1427 964 urbs,

72 995 185 1046 quoe,
220 989 331 1047 quod
344 991 386 1034 in
403 1004 451 1035 ea
468 997 590 1047 parte
605 990 797 1033 Fortuna:
806 988 957 1044 fanum
975 990 1189 1046 antiquum
1197 986 1309 1043 fuit,
1347 988 1424 1041 Ty-

71 1061 147 1105 cha
173 1064 382 1111 nominata
414 1064 479 1124 est.
538 1062 636 1112 Quo
670 1063 809 1105 minus
839 1062 1106 1104 dubitandum
1137 1060 1218 1102 efl'e
1244 1061 1296 1102 de
1323 1074 1425 1102 vera
1471 1079 1474 1082 ⁴

73 1136 255 1177 nominis
273 1135 471 1191 scriptura
486 1134 620 1177 videri
638 1139 816 1190 poterat.
872 1133 928 1176 Et
949 1133 1057 1175 haud
1076 1130 1319 1176 cunctanter
1341 1143 1424 1173 nos

74 1207 240 1262 quidem
258 1207 333 1250 Τυ
344 1201 502 1262 xxxviia
519 1201 643 1251 στοοέν
661 1204 968 1262 scripfiffemus,
997 1204 1070 1247 nifi
1091 1205 1254 1247 aliunde
1276 1191 1416 1246 rursus

73 1279 216 1323 aborta
236 1279 373 1324 fuiffet
398 1278 612 1323 dubitatio.
671 1278 812 1321 Primo
839 1277 950 1319 enim
972 1277 1023 1319 de
1036 1291 1073 1332 χ
1090 1277 1209 1319 litera
1228 1277 1417 1319 dubitare

71 1351 250 1394 subibat:
276 1361 465 1395 nontam
484 1352 598 1407 quod
619 1351 727 1406 apud
746 1349 912 1393 Livium
939 1355 1104 1392 veteres
1133 1347 1322 1390 nonnulli
1352 1362 1425 1389 co-

73 1423 230 1465 dicesrc
247 1437 326 1480 pro
346 1422 394 1466 ch
412 1424 586 1474 habent3
621 1424 691 1473 (id
713 1422 824 1465 enim
846 1435 922 1477 per
947 1420 988 1462 se
1017 1420 1182 1464 turbare
1209 1420 1426 1473 nominem

73 1494 250 1538 debebat
260 1495 296 1548 3)
322 1508 443 1551 quam
457 1497 568 1552 quod
588 1495 693 1551 apud
710 1494 956 1543 Diodorum,
989 1505 1065 1548 pro
1078 1487 1239 1548 Τύχην,
1269 1490 1439 1536 1ἱ1).ΧΙ.’

72 1581 110 1609 c«
133 1571 200 1618 28.
223 1562 379 1624 Ἰτύκην
399 1568 497 1610 dant
517 1568 631 1615 libri,
667 1566 780 1622 quod
800 1581 851 1608 ex
869 1560 1008 1620 Τύκην
1030 1565 1198 1620 potius,
1229 1578 1352 1619 quam
1373 1577 1428 1607 ex

75 1634 224 1695 Τύχην
248 1646 491 1696 corruptum
518 1639 652 1682 videri
671 1638 819 1688 debet3
854 1642 945 1679 tum
966 1637 1077 1692 quod
1099 1637 1207 1692 apud
1227 1634 1426 1690 Thucyd.

75 1710 150 1757 VI.
171 1716 242 1767 98.
272 1712 341 1754 alii
370 1713 537 1768 quidem
564 1711 714 1766 Σικῆν,
751 1709 820 1752 sed
839 1708 1035 1751 meliores
1053 1708 1147 1752 libri
1171 1707 1310 1763 Συκῆν
1333 1707 1430 1749 scri-

74 1783 185 1827 bunt
206 1785 318 1826 idem
345 1798 523 1836 nomen,
561 1784 634 1826 ubi
662 1782 800 1825 rursus
828 1781 947 1823 litera
977 1796 1003 1822 κ
1027 1793 1104 1836 pro
1132 1795 1170 1835 χ
1199 1785 1432 1835 comparet.
1455 1834 1457 1836 Ι

75 1856 169 1899 Nee
186 1857 294 1898 xfacit
312 1856 431 1904 satis,
466 1858 579 1911 quod
605 1855 749 1898 Ionica
776 1850 953 1896 dialecto
975 1867 1011 1906 χ,
1032 1853 1074 1895 in
1097 1867 1123 1894 κ
1151 1858 1356 1894 mutatum
1383 1851 1429 1893 in

77 1927 164 1970 hoo
195 1928 364 1970 nomine
392 1929 608 1971 contendit
639 1926 869 1976 Cluverus;
920 1925 1021 1980 qui,
1070 1925 1170 1967 dum
1193 1924 1235 1966 id
1259 1921 1430 1978 scripfit,

80 1993 235 2042 oblitus
261 2001 443 2051 videtur,
484 2013 568 2041 non
597 1999 757 2041 lonicae
785 1997 984 2053 originis,
1021 1996 1090 2038 sed
1115 1995 1284 2038 Doricae
1307 1991 1434 2043 ,fuifl‘e

79 2070 381 2126 Syracusanos,
415 2070 619 2115 Corintho
642 2071 685 2113 in
703 2083 775 2112 eas
796 2083 890 2112 oras
912 2066 1179 2111 transvectos.
1234 2067 1318 2110 Sed
1346 2078 1436 2108 rur-

81 2143 147 2186 sus
167 2144 310 2186 eadem
330 2144 413 2199 ipsa
431 2144 650 2199 scriptura,
681 2155 775 2198 quae
795 2142 902 2197 apud
918 2139 1210 2195 Thucydidem
1230 2138 1451 2186 occurrit„

81 2213 115 2257 ss·
133 2229 228 2258 cum
246 2215 314 2257 ina
335 2215 546 2258 confertur
563 2228 687 2270 quarn
707 2218 759 2256 ex
782 2213 960 2268 Polybio
979 2214 1114 2254 codex
1138 2211 1318 2253 Heronis
1340 2210 1383 2251 h.
1402 2209 1431 2254 l.

80 2287 263 2343 profert,
302 2301 456 2330 novam
482 2300 654 2330 movere
679 2286 822 2328 debuit
848 2283 1163 2327 dubitationem.
1223 2283 1354 2332 Nam,
1385 2279 1434 2325 δε

82 2361 134 2402 de
155 2361 300 2402 eadem
322 2361 423 2405 urbe
449 2358 517 2402 vel
537 2359 589 2401 de
609 2359 753 2400 eadem
772 2366 888 2414 parte
904 2355 1018 2398 urbis
1036 2354 1345 2411 Syracusarum,
1377 2353 1434 2395 de·

83 2438 165 2487 qua
185 2445 298 2473 nunc
321 2432 572 2487 quaeritnus,
602 2431 788 2472 locutum
820 2427 901 2470 effe
930 2427 1225 2484 Thucydidem
1254 2426 1352 2467 loco
1377 2425 1435 2467 ci-

82 2509 194 2551 tato,
228 2502 272 2545 δι
290 2502 602 2559 antiquiffimam
632 2502 776 2544 saltem
802 2499 883 2542 effe
908 2514 1001 2542 eam
1021 2499 1261 2555 scripturam
1280 2497 1435 2551 Συκῆν,

83 2581 206 2631 quam
238 2576 446 2630 hodieque
474 2575 642 2617 codices
670 2574 853 2623 habent,
905 2571 1091 2613 dubitare
1122 2584 1200 2611 nos
1228 2583 1314 2611 non
1343 2568 1439 2614 finit:

82 2646 316 2702 Stephanus
347 2640 452 2702 Byz.
489 2647 592 2701 qui,
640 2644 743 2688 ficut
771 2644 840 2687 sub
870 2643 989 2686 litera
1018 2642 1072 2684 T.
1102 2642 1228 2684 habet
1255 2642 1297 2684 id
1323 2641 1438 2696 quod

82 2722 199 2775 supra
233 2719 472 2770 retulimus,
510 2713 661 2772 Τύχη,
705 2711 820 2764 πόλις
848 2713 1062 2762 Σικελίας,
1099 2712 1268 2768 πλησίον
1303 2714 1438 2769 Συρα,

82 2791 259 2843 noverit),
293 2790 347 2833 fic
364 2791 434 2833 sub
458 2791 575 2833 litera
598 2790 650 2834 Σ.
674 2791 724 2832 ad
746 2803 841 2830 voc.
860 2783 992 2842 Συκοιὶ
1014 2787 1174 2829 scribitx
1223 2781 1305 2841 Κοοὶ
1338 2780 1442 2841 ἄλη

83 2859 199 2918 Συκῆ
227 2862 330 2917 (nisi
355 2862 471 2917 Συκῆ
491 2863 640 2916 malis)
669 2857 838 2917 πλησίον
865 2858 1138 2916 Συρακουσῶν
1158 2854 1225 2915 καὶ
1245 2856 1444 2905 Κιλικίοις.

753 2933 788 2981 1⁴]
809 2947 831 2973 e
868 2941 890 2986 5
1345 2930 1443 2982 (ubi
