1806 3262
513 218 593 260 An
619 223 831 257 »ormn-
858 226 935 257 vx.
968 223 1034 270 19.
1061 224 1133 259 20.
1412 225 1501 271 ’343
1551 250 1555 261 .

1516 291 1697 319 -ι-ι-ιι

118 338 267 383 (ve-pot.
307 321 490 384 δευτερον
505 328 608 383 Reg.
579 329 672 372 1.D
692 329 759 374 sed
771 330 862 385 jota
881 330 998 386 supra
1019 330 1229 386 scriptum.
1270 350 1328 372 -ι-
1385 327 1495 374 Ibid.

144 400 382 445 τελευτοῖἱοι.
442 401 673 444 τελευταῖον
691 402 790 457 Reg
802 402 853 449 D
873 401 1012 448 Oxon.

225 471 870 527 Vers.7.‹516;7lo-J.1ndefinito
904 482 1092 529 tempore
1118 487 1229 518 nunc
1255 473 1406 525 utitur,
1446 473 1493 519 δι
1521 465 1617 506 Vets·
1632 448 1671 512 7¹·

141 555 240 588 mox
263 545 398 588 rursus
427 546 528 587 vers.
547 550 587 597 8.
615 542 793 597 ἔνειμαν,
819 546 944 601 paulo
955 545 1051 601 post
1070 560 1180 591 vero
1198 546 1326 599 (vers
1346 544 1416 600 9.)
1438 548 1491 589 ad

139 616 319 669 praesens
350 627 514 678 tempus
540 620 669 669 redit,
712 615 888 664 τιθέασι.
947 617 1018 661 Sic
1045 631 1132 672 cap.
1155 629 1224 664 22,
1243 616 1285 660 6.
1317 613 1488 672 οἷφῆκοιυ

126 686 184 728 -in
210 687 452 742 indefinito,
498 705 598 732 mox
625 705 726 732 vero
759 690 856 733 vers.
878 701 919 745 7.
951 687 1175 739 διοιλέγουσι
1205 691 1247 730 in
1277 690 1485 744 praesenti.

136 757 300 815 Nempe
319 762 371 803 de
391 777 461 813 re,
489 776 584 818 quae
602 761 658 828 &
663 762 766 810 olim
781 760 874 809 fieri
892 761 1178 813 consueverat,
1207 758 1253 806 &
1271 759 1394 816 ipfius
1412 762 1483 810 ad·

135 829 218 874 huc
239 842 364 879 aetate
386 835 429 891 ip
450 835 522 877 usu
541 842 642 880 erat.

223 903 333 960 Vers.
354 917 394 962 9.
427 901 516 953 τοὺς
539 906 670 954 ἱππεῖς
692 901 739 948 ra
766 904 858 959 etv·
865 901 1040 951 παλαιὸν
1065 902 1252 961 ὑστέρους
1278 899 1480 956 εἷωθεσοιν
1507 899 1603 939 Vers-
1622 909 1659 948 9·

78 983 81 987 '
135 972 358 1034 δοκιμάζειν
385 979 453 1020 ἐπὶ
478 979 559 1026 τοῖς
590 976 929 1034 τετρακισχιλίοις
965 977 1240 1031 διακοσίοις
1268 977 1350 1021 &c.
1378 992 1478 1021 mox

134 1051 308 1104 equites,
349 1051 443 1097 otim
471 1049 629 1106 quidem
657 1051 871 1108 posteriore
901 1051 982 1092 loeo
1008 1051 1135 1092 moris
1166 1057 1256 1093 erat
1287 1049 1479 1106 deligere,

130 1122 217 1178 post
237 1129 413 1178 quatuor
437 1123 542 1164 mille
565 1120 616 1166 &²
638 1123 826 1165 ducentos
851 1122 1005 1177 pedites
1028 1115 1113 1167 &a
1169 1121 1373 1165 Codicum
1404 1136 1476 1164 ve-

130 1199 348 1250 terumque
367 1196 596 1237 editionum
617 1195 857 1249 scripturam
873 1194 989 1249 istam
1009 1194 1190 1238 defendit
1205 1193 1362 1250 Lipfius
1380 1194 1415 1236 I.
1431 1204 1473 1248 ς.

129 1263 177 1307 &
196 1265 248 1307 11.
272 1265 313 1313 6.
334 1275 405 1319 ut,
443 1267 555 1322 quod
582 1267 634 1309 de
659 1267 815 1308 veteris
842 1265 1014 1308 instituti
1039 1265 1268 1308 differentia
1285 1280 1308 1308 a
1329 1279 1471 1311 recen-

126 1338 235 1380 tiore
260 1339 363 1381 dicit
388 1338 610 1393 Polybius,
640 1349 724 1380 non
743 1338 792 1380 ad
816 1351 1026 1383 numerum
1044 1338 1231 1392 equitum
1249 1338 1470 1394 pertineat,

123 1410 192 1452 sed
210 1417 371 1453 tantum
388 1412 437 1453 ad
455 1397 635 1456 ordinem
653 1410 859 1465 temporis,
890 1423 973 1466 quo
994 1407 1116 1453 eleth
1126 1410 1237 1460 sunt
1266 1409 1367 1452 olim
1380 1409 1470 1468 post·

118 1482 297 1547 pedites,
330 1483 478 1525 deinde
497 1488 591 1525 ante
605 1481 788 1537 pedites;
823 1488 952 1537 utque
985 1483 1112 1533 aden,
1147 1482 1258 1538 quod
1285 1495 1385 1523 mox
1414 1482 1469 1523 de

123 1541 310 1599 trecentis
340 1553 538 1611 equitibus
558 1555 600 1596 in
621 1554 789 1610 legione
815 1554 940 1605 dicit,
970 1555 1201 1610 generatim
1225 1551 1381 1602 distum
1403 1551 1474 1603 fit,

122 1624 168 1668 &
185 1627 272 1670 tam'
286 1627 418 1669 ineas
437 1627 569 1668 valeat
587 1626 789 1683 legioneS,
817 1638 912 1682 quae
931 1637 1046 1680 4200
1064 1626 1226 1681 pedites
1246 1625 1467 1673 habebant,

34 1708 41 1713 ·
121 1710 244 1752 quam
263 1698 307 1744 in
327 1699 401 1740 has
430 1711 523 1753 quae
544 1707 669 1751 5000.
725 1696 984 1742 casaubonus
1002 1712 1126 1749 vero,
1161 1697 1271 1753 quafi
1293 1697 1378 1740 hoc
1402 1695 1467 1738 di-

120 1771 237 1812 ceret
249 1769 461 1826 PolybiuS‚
485 1769 578 1812 olim
594 1783 684 1812 cum
701 1779 815 1824 4200
826 1769 1031 1826 peditibus
1045 1769 1192 1826 nonnisi
1209 1768 1331 1818 duce
1342 1773 1464 1810 utos

118 1841 270 1896 equites
295 1842 342 1883 in
368 1841 519 1897 legione
536 1839 680 1903 fmffi’,
713 1842 853 1886 deinde
876 1856 971 1886 vero
1000 1856 1088 1886 cum
1122 1851 1234 1897 5000
1253 1839 1462 1896 peditibus
1512 1893 1514 1897 ι

117 1913 269 1968 equites
295 1919 493 1965 trecenos,
535 1911 752 1964 διακοσίηυς
770 1914 810 1958 h.
827 1915 855 1957 l.
877 1929 928 1957 ex
950 1911 1186 1969 conjeEiura
1206 1914 1360 1963 edidit3
1397 1911 1463 1952 ni-

116 1984 184 2027 sus
211 1985 292 2039 (ut
313 2000 365 2028 ex
395 1986 574 2042 ejusdem
600 1986 726 2042 Epist.
745 1985 876 2031 LXV.
906 1988 956 2028 ad
978 1983 1245 2042 Bongarfium
1263 1986 1380 2046 data,
1410 1981 1459 2025 &

60 2062 63 2066 ’
117 2070 171 2098 ex
198 2071 271 2099 ora
296 2057 411 2100 Bam.
437 2059 487 2100 ad
506 2057 547 2103 h.
566 2058 596 2100 1.
616 2056 831 2114 intelligo)
845 2059 952 2102 Livii
971 2058 1203 2100 testimonio
1223 2055 1365 2102 XXII.
1387 2052 1459 2108 36.

116 2126 163 2171 δε
185 2127 328 2185 Polyb.
346 2129 421 2173 III.
444 2141 539 2185 107,
570 2142 633 2173 xo.
659 2128 966 2186 Casaubonique
994 2130 1235 2173 sententiam
1261 2127 1457 2170 defende«

115 2207 213 2242 runt
230 2199 409 2244 Rualdus
432 2204 482 2245 ad
499 2202 705 2257 Plutarchi
732 2202 955 2249 Romulum
984 2202 1204 2248 AnimadV.
1225 2200 1280 2243 II.
1302 2197 1347 2241 &
1368 2195 1457 2240 Sal-

112 2270 260 2314 mafius
284 2273 336 2315 de
365 2273 424 2315 Re
453 2274 619 2316 Militari
649 2273 872 2323 Romanor.
899 2287 988 2332 cap.
1010 2286 1078 2317 20.
1104 2275 1147 2316 in
1169 2271 1309 2315 Graev.
1331 2268 1456 2315 Thes.

114 2343 260 2399 Antiq.
279 2345 397 2390 Rom.
418 2344 471 2388 T.
481 2346 536 2389 X.
558 2347 639 2388 col.
656 2357 761 2406 1442
773 2346 828 2402 sq.
887 2345 970 2389 Sed
989 2347 1031 2389 in
1052 2346 1159 2391 Livii
1175 2345 1342 2401 quidem
1358 2341 1457 2383 loco

91 2416 241 2458 citato
269 2429 413 2472 pamm
437 2417 614 2473 praesidii
640 2419 745 2460 hanc
774 2418 1016 2463 sententiam
1041 2418 1250 2467 invenite,
1278 2413 1368 2470 post
1390 2412 1457 2455 Li.

112 2486 240 2542 pfium
262 2488 319 2530 II.
338 2487 379 2532 6.
408 2489 604 2532 Dukerus
629 2490 816 2546 inprimis
846 2491 897 2533 ad
922 2490 1087 2533 Livium
1116 2488 1161 2534 &
1190 2485 1457 2530 Drakenbor-

114 2558 232 2599 chius
254 2561 494 2604 docuerunt.
551 2561 607 2608 Et
637 2562 807 2608 omnino
836 2562 1031 2621 nusquam
1059 2561 1166 2616 apud
1187 2559 1352 2606 Livium
1380 2555 1458 2602 du·

108 2631 215 2671 centi
243 2632 392 2686 equites
421 2633 465 2674 in
491 2632 662 2688 legione
688 2635 908 2677 memorati
936 2634 1155 2689 leguntur,
1191 2632 1350 2686 semper
1379 2634 1459 2670 tre-

111 2703 235 2750 centi,
271 2703 395 2745 etiarn
423 2705 602 2759 antiquis
621 2706 877 2760 temporibus
898 2706 967 2748 ubi
982 2703 1141 2747 nonnisi
1163 2714 1278 2756 4200
1296 2701 1459 2758 pedites

107 2779 249 2822 erant,
278 2781 326 2816 ut
345 2775 434 2818 Liv.
453 2774 551 2819 VH.
571 2786 639 2830 25.
698 2775 806 2820 Nam
832 2778 944 2832 quod
967 2763 1151 2832 sequenti
1175 2784 1365 2830 tempore
1387 2771 1459 2813 lib.

108 2844 236 2886 XLII.
258 2859 293 2886 c.
305 2858 373 2900 31.
396 2861 492 2891 cum
517 2849 655 2903 quinis
680 2849 861 2891 millibus
889 2850 1027 2892 duceni
1052 2848 1273 2905 equitesex
1294 2844 1462 2900 vulgata

482 2926 492 2936 ·
777 2920 817 2962 V
847 2932 876 2974 4
1313 2913 1460 2957 laetio-
