1806 3262
449 243 527 291 Αἰ)
558 234 764 291 rotun}
791 260 842 292 v.
869 245 939 299 86.
971 250 1049 303 87
1071 250 1142 300 88.
1380 243 1465 302 265

156 398 158 400 .
205 359 321 416 Verss
331 372 374 417 9.
402 357 456 404 τοὶ
474 361 551 415 μὲν
576 352 645 405 ουν
675 357 783 407 κριτοὶ
810 357 1325 421 rffv'Aela'v.Cor1-upte
1351 357 1465 421 παραὶ
1491 323 1672 427 π

15 407 25 481 ἦν,
113 431 190 486 μὲν
206 449 274 476 ουν
292 449 364 491 την
389 431 533 479 'Ao-low
551 437 664 492 Aug

446 564 481 608 c
509 565 550 609 A
581 564 611 608 P
640 562 686 611 V
713 563 756 610 'r
811 563 1148 611 Lxxxvm.
1470 544 1699 631 ιχξὲῗέγιῃ,

168 680 170 682 ψ
201 647 314 705 Verfi
339 663 373 695 1.
403 648 540 695 Ῥόδιοι
560 652 602 696 δὲ
619 651 702 696 &c.
760 654 913 696 Mirum
940 653 1072 695 videri
1100 652 1248 704 debet,
1284 664 1459 708 quanam
1498 664 1595 704 vus,
1616 674 1653 704 ι,

110 732 164 761 ex
182 722 398 765 occasione
417 739 529 767 nunc
560 726 739 768 maxime
759 725 834 767 has
853 738 921 767 res
942 722 1192 767 Rhodiorum
1217 725 1461 768 interseruea·

110 792 168 835 rit
187 793 401 849 Polybius.
458 795 584 853 Cujus
604 798 665 840 rei
681 796 835 840 nullam
855 796 975 838 aliam
994 797 1160 852 reperio
1182 797 1354 849 causam,
1386 795 1463 840 nifi

112 866 224 918 quod
244 866 326 909 hoc
344 869 524 912 maxime
547 876 737 924 tempore
752 868 935 917 absoluta
953 867 1071 912 fuifl'e
1100 869 1289 912 videatur
1305 869 1481 926 lustau-—

110 938 222 979 ratio
241 952 474 993 murorum,
505 934 734 994 navalium,
754 946 1058 998 ceterarumque
1074 938 1189 984 urbis
1208 940 1342 985 Rhodi
1360 955 1463 998 par-

110 1009 234 1063 tium,
269 1025 358 1068 quoe
387 1013 543 1068 ingenti
567 1014 633 1056 illo
660 1020 782 1056 terrae
807 1019 940 1065 motu,
978 1013 1031 1055 de
1063 1026 1147 1068 quo
1172 1026 1283 1056 nunc
1312 1015 1464 1070 agitur,

97 1080 276 1136 fuerant
293 1082 447 1141 eversa.
507 1085 728 1128 Acciderat
746 1091 884 1128 autem
904 1085 974 1127 illa
995 1085 1204 1129 calamitas
1225 1099 1310 1128 non
1330 1086 1464 1130 solum

110 1154 212 1196 vivo
234 1156 366 1199 adhuc
387 1155 433 1199 δε
451 1157 710 1200 Macedoniae
730 1171 908 1213 regnum
928 1157 1231 1201 administrante
1250 1157 1463 1215 Antigono

113 1223 293 1281 Dosone,
319 1229 374 1280 (c.
389 1233 466 1284 89,
491 1228 556 1281 6.)
578 1231 648 1272 cui
669 1229 723 1272 A.
744 1228 799 1274 V.
819 1239 914 1284 531.
941 1229 1241 1279 Ol.cxxxn:,
1256 1243 1292 1274 1.
1312 1231 1463 1287 Philip-

108 1310 189 1353 pus
214 1299 420 1352 succeflit3
458 1315 604 1343 verum
625 1301 749 1344 etiam
767 1301 864 1345 vivo
883 1300 928 1344 &
960 1309 1162 1357 regnante
1182 1302 1226 1344 in
1245 1301 1368 1358 Syria
1387 1302 1460 1345 Se-

105 1369 212 1412 leuco
231 1370 433 1425 Callinico,
466 1372 658 1416 Antiochi
670 1379 807 1428 patre‚
835 1374 947 1429 (cap.
961 1377 1038 1429 89,
1060 1372 1121 1427 8.)
1142 1373 1210 1416 cui
1229 1372 1346 1419 AN.
1361 1378 1458 1430 528.

107 1441 451 1488 Olcxxxvm.
474 1457 513 1489 2.
533 1444 717 1488 successit
733 1444 933 1488 Seleucus
953 1436 1206 1500 Cefaunus,
1226 1446 1354 1489 frater
1374 1448 1478 1490 An.-

105 1513 252 1560 tiochi.
318 1517 542 1574 Itaquead
572 1518 623 1560 A.
642 1516 696 1561 V.
718 1527 812 1572 527.
839 1517 1116 1561 calamitatem
1139 1517 1251 1562 illam
1277 1518 1462 1563 Rhodio-

109 1599 203 1628 rum
231 1589 374 1631 retulit
398 1589 610 1632 Simsonus
643 1590 687 1631 in
724 1589 935 1633 Chronico
969 1588 1212 1635 Vniversali.
1289 1591 1461 1635 Orofius

106 1657 177 1700 lib.
190 1657 265 1702 1V.
299 1675 333 1703 c.
344 1673 413 1715 37.
468 1661 778 1716 Hieronymum
810 1661 998 1712 secutus,
1041 1662 1122 1716 (ut
1147 1663 1198 1706 ad
1226 1661 1462 1708 Simsonum

111 1727 407 1788 Wess'elingius
426 1732 609 1785 monuit)
629 1734 823 1776 eumdem
841 1733 977 1775 casum
994 1734 1036 1775 in
1048 1731 1095 1775 C.
1106 1733 1298 1778 flaminii
1317 1736 1461 1780 consu-

107 1801 259 1854 latum,
297 1804 339 1846 id
360 1804 438 1855 est,
476 1805 518 1846 in
538 1806 591 1848 A.
610 1803 667 1849 V.
699 1815 794 1860 531.
826 1805 989 1848 retulit:
1028 1807 1140 1862 quod
1170 1818 1264 1849 cum
1291 1807 1458 1864 Polybii

105 1874 335 1918 rationibus
358 1874 744 1937 confisterenequit,
778 1875 851 1919 nifi
870 1869 978 1933 apud
997 1877 1109 1921 hunc
1127 1892 1215 1934 cap.
1227 1883 1304 1936 89,
1317 1884 1357 1932 8.
1376 1894 1458 1937 pro

107 1943 128 1987 ὅ
146 1941 279 2003 πατήρ
298 1947 552 1991 scribendum
574 1949 724 1992 statuas
744 1946 764 1991 ὅ
783 1945 962 2002 οἷδελφός
980 1945 1219 2005 Ἀντιόχου,
1250 1954 1363 2008 quod
1385 1967 1459 1995 ne-

106 2031 179 2060 mo
208 2026 366 2061 temere
390 2021 570 2075 urgebit.
629 2020 711 2064 Sed
742 2035 795 2063 ex
823 2021 989 2078 Polybii
1018 2023 1248 2068 rationibus
1276 2025 1459 2083 intelligi

110 2090 255 2142 debet,
288 2090 509 2136 Seleucum
538 2092 658 2135 illum
675 2107 784 2145 non,
811 2100 859 2136 ut
883 2094 1111 2139 multorum
1140 2095 1270 2151 vulgo
1290 2097 1348 2139 est
1367 2098 1472 2153 opi-·

106 2161 205 2213 nin,
234 2163 278 2204 in
296 2163 483 2206 Parthica
501 2165 739 2219 captivitate
759 2164 923 2216 obiifl'e3
951 2181 1098 2210 verum
1120 2169 1164 2210 in
1184 2167 1349 2223 Syriam
1372 2168 1457 2212 effe

105 2234 339 2289 reversum,
370 2234 415 2278 δι
437 2250 615 2293 regnum
641 2237 698 2280 ibi
724 2250 801 2298 per
827 2238 987 2296 aliquot
1004 2239 1138 2286 adhuc
1156 2247 1324 2302 tempus
1348 2241 1458 2286 obti-

104 2304 248 2347 nuisse.

191 2377 298 2420 Ibid.
318 2379 474 2438 βραχεῖ
501 2375 637 2442 χρόνῳ
664 2376 870 2439 πρότερον.
946 2382 1142 2426 Mendose
1170 2379 1316 2442 βρωχυ
1340 2385 1457 2443 Aug.

105 2447 275 2506 Reg.A.
335 2451 482 2494 Decem
509 2454 674 2511 quidem
702 2456 818 2506 anni,
852 2461 902 2498 ut
919 2456 1047 2499 modo
1077 2457 1280 2506 vidimus,
1311 2472 1460 2502 excur-

104 2529 269 2565 rerant:
305 2524 373 2567 sed
400 2522 517 2571 breve
541 2526 623 2568 hoc
656 2532 813 2588 tempus
837 2533 950 2578 erat,
984 2540 1063 2584 pro
1082 2535 1200 2576 tanto
1225 2531 1459 2591 reparando

108 2595 272 2638 damno.

193 2664 310 2723 Veff
324 2680 363 2722 3
393 2667 607 2717 Τοσοῦτον,
655 2684 832 2714 τοιουτον
857 2670 951 2716 Vat.
971 2671 1084 2716 Flor.
1142 2692 1202 2706 —
1255 2673 1364 2721 ibid.
1389 2668 1459 2735 uoq
1491 2677 1588 2725 vert.
1607 2686 1645 2733 3.

105 2731 180 2784 ταὶς
209 2738 439 2797 ἐπιτυχίας.
505 2742 575 2786 Sic
605 2745 669 2790 ed.
693 2756 727 2786 1.
757 2758 854 2786 cum
885 2745 1007 2789 codd
1039 2745 1263 2797 omnibns,
1301 2753 1458 2805 praeter

103 2809 216 2864 Aug
240 2825 263 2851 e
286 2825 368 2869 quo
392 2827 487 2855 cum
509 2815 700 2872 imperite
721 2812 828 2859 necrol
854 2812 932 2869 τοὶς·
950 2818 1113 2874 ἐπιτυχ
1134 2817 1304 2866 dediffet
1334 2819 1399 2867 ed.
1414 2831 1454 2868 2.

106 2896 212 2922 κατα
232 2883 384 2926 delevit
404 2884 663 2935 casaubonus
686 2905 752 2947 uoq
772 2903 873 2934 vero
893 2901 1094 2936 revocare
1121 2889 1322 2951 neglexit.

887 2962 922 3009 R
957 2970 981 3019 5
1194 2950 1197 2952 ’
1340 2962 1460 3025 Γεωςίὶ
