1806 3262
402 253 478 286 An
508 239 720 285 Potin.
748 255 870 287 v111.
899 255 967 286 21
974 255 1062 287 242
1092 255 1161 300 23.
1378 255 1462 299 473

160 354 321 412 Vers:
337 369 400 399 11.
410 351 691 413 Ἀ’νδρομοίχου
702 357 778 409 μὲν
791 352 884 405 υιὸς.
905 359 958 401 cf.
970 358 1046 403 IV.
1060 370 1125 414 51.
1143 380 1202 393 ν·-
1221 357 1353 402 Ibidst
1337 356 1462 414 ἔγημε
1500 358 1595 417 Vei-s
1614 385 1669 414 Π

121 427 164 470 δὲ
175 423 456 484 Λαοδίκηντην
467 423 718 486 Μιθριδάτου
731 429 907 484 τουβοεσ.
918 430 1070 481 &msam
1100 433 1210 474 conf.
1222 432 1273 474 V.
1285 443 1353 486 74,
1369 442 1404 485 5.
1417 431 1462 474 &

119 501 178 542 ibi
194 500 351 542 Adnot.
387 500 488 544 Erat
498 508 636 544 autem
646 498 884 554 &Laodice
901 502 1162 546 Mithridatis
1173 504 1281 561 filia,
1296 502 1367 559 ipfi
1381 507 1463 546 An-

118 572 264 614 tiocho
282 580 422 628 nupta.
448 573 501 618 V.
521 584 591 628 43,
615 585 712 629 1-4.
768 575 840 617 An
868 589 970 631 ergo
1000 576 1180 618 Laodice
1207 576 1321 625 haec,
1357 589 1465 616 uxor

117 643 291 696 Achaei,
319 645 436 688 fotor
457 646 537 693 fuit
556 646 667 689 illius
686 647 911 699 Laodices,
941 649 1084 690 uxoris
1102 645 1337 695 Antiochi?
1389 644 1464 688 Mi-

116 729 209 760 rum
228 730 348 768 vero,
378 731 462 759 non
491 717 638 760 diserte
666 719 748 760 hoc
774 719 1094 761 commemorari
1113 734 1137 762 a
1155 718 1356 779 Polybio,
1393 718 1466 778 qui

116 786 161 831 id
178 787 220 831 h.
239 788 268 831 l.
283 802 370 831 non
389 789 555 833 videtur
574 788 691 833 fuisse
709 789 1070 847 praetermiffuruS.

511 901 546 947 c
574 904 614 948 A
640 905 672 948 P
699 904 744 951 v
771 904 813 950 T
857 894 1068 949 xxm.
1416 870 1418 879 ²
1469 906 1697 956 capxxnn

202 1001 317 1060 Vcrs.
335 1016 374 1059 3.
401 1000 707 1062 οἷκρωτηριοέσαρ
736 1011 921 1050 extrema
940 1004 1123 1049 membra
1133 1004 1366 1062 proecidere,
1394 1012 1467 1047 ve·
1501 1003 1598 1043 Vers.
1616 1016 1650 1050 3.

116 1073 196 1117 luti
217 1089 385 1127 manus,
418 1079 571 1133 pedum
595 1079 776 1134 digitos,
815 1078 883 1121 sed
905 1078 1156 1134 potiffimum
1182 1091 1304 1120 nares
1326 1075 1376 1121 69²
1393 1089 1465 1120 au-

117 1160 209 1198 res,
239 1147 320 1201 (cf.
335 1149 369 1192 Ι.
388 1153 457 1200 80,
482 1149 573 1204 13.)
593 1150 637 1194 &
659 1151 838 1193 maxime
854 1152 1022 1206 quidem
1042 1163 1189 1203 aures,
1216 1156 1265 1192 ut
1283 1164 1336 1190 ex
1361 1148 1469 1204 Etyl:

116 1219 296 1274 mologo
309 1222 471 1264 monuit
490 1222 545 1264 H.
564 1221 799 1278 Stephanus
826 1224 870 1265 in
893 1223 1117 1266 Thesauro.
1175 1217 1248 1278 τήν
1278 1216 1466 1276 κεφαλην

118 1286 395 1344 ἀποτεμόντας
421 1289 573 1342 αὐτοῦ,
623 1310 691 1350 κει]
718 1290 1066 1352 καταῤῥεὶψαντοις
1095 1290 1149 1341 εἰς
1174 1287 1298 1336 ’ἄνετον
1328 1289 1467 1342 οἷο-κᾶν,

117 1357 423 1420 ἀνασταυρῶσαι]
441 1361 487 1409 *to*
509 1366 637 1419 σῶμα.
693 1367 984 1423 Imprudentes
1011 1381 1090 1408 nos
1110 1367 1153 1408 in
1175 1367 1361 1408 eamdem
1379 1365 1469 1408 sen-

117 1437 291 1479 tentiam
318 1451 414 1481 cum
442 1438 718 1494 superioribus
744 1430 1060 1499 interp-retibuS,
1099 1437 1284 1480 Musculo
1313 1435 1359 1480 &
1393 1436 1467 1478 Ca-

116 1506 319 1559 saubono,
349 1509 475 1552 verba
504 1510 576 1553 ista
603 1509 658 1553 fic
681 1511 816 1554 sumus
841 1510 1124 1566 interpretati:
1153 1515 1222 1560 ut,
1252 1513 1466 1563 amputato

117 1580 248 1635 capite
266 1577 318 1624 ἐξ
336 1582 423 1623 utri
440 1582 588 1638 asinino
616 1579 766 1639 inflato,
803 1589 972 1625 truncus
995 1583 1038 1624 in
1064 1595 1217 1624 crucem
1246 1581 1467 1624 tolleretur.

116 1650 169 1694 In
195 1665 320 1707 quem
349 1667 534 1697 errorem
562 1655 722 1698 induxit
754 1667 832 1697 nos
865 1655 1038 1697 incisum
1063 1653 1187 1704 illud,
1232 1653 1344 1708 quod
1373 1649 1466 1708 post.

118 1719 244 1765 οἷσκόν
271 1725 706 1781 vulgojnterseritur:
746 1739 829 1782 quo
852 1727 1016 1779 delete,
1053 1725 1305 1782 probabilior
1332 1725 1466 1766 multo

117 1794 164 1838 &
184 1797 292 1839 haud
311 1798 434 1854 dubie
456 1808 553 1840 vera
583 1797 744 1841 exfistet
770 1798 991 1849 sententia,
1023 1811 1147 1853 quam
1170 1812 1193 1838 a
1214 1795 1340 1838 Paulo
1360 1796 1466 1837 Leo-

117 1869 247 1924 pardo
267 1869 440 1912 Emend.
469 1870 537 1912 lib.
555 1870 587 1913 I.
616 1884 652 1912 c.
675 1882 742 1913 20.
766 1870 842 1923 (in
864 1868 1031 1913 Gruteri
1054 1868 1176 1912 Thes.
1194 1867 1296 1910 Crit.
1318 1867 1369 1910 T.
1385 1866 1466 1909 ΙΙΙ·

118 1953 161 1996 p.
178 1940 261 1995 17.)
273 1940 496 1996 expressam
512 1942 698 1984 videmus
715 1942 780 1984 his
801 1943 960 1984 verbis:
987 1940 1198 1997 deindeque
1214 1940 1342 1994 capite
1358 1939 1465 1981 illius

118 2011 263 2067 desest'o
283 2043 295 2067 ‚
355 2026 500 2067 corpus
540 2015 583 2056 in
618 2020 751 2059 utrem
787 2014 979 2072 afininum
1016 2011 1189 2070 infinum
1211 2009 1467 2067 figsjoendere.

119 2083 284 2140 Nempe
302 2091 491 2133 truncus,
516 2088 603 2128 utri
620 2087 767 2143 asinino
785 2085 955 2142 insutus,
983 2083 1180 2139 (fortass'e,
1206 2097 1289 2138 quo
1308 2083 1466 2125 diutius

118 2150 298 2207 duraret,
325 2155 369 2200 δι
387 2171 441 2199 ne
461 2158 594 2211 statim
614 2173 637 2200 a
653 2159 790 2202 bestiis
809 2155 1126 2214 discerperetur)
1144 2169 1164 2197 e
1184 2168 1296 2197 cruce
1302 2151 1465 2210 suspen-

109 2225 185 2283 sus
211 2228 289 2285 qli:
327 2227 532 2285 absczffum
565 2236 687 2285 caput
704 2262 717 2282 ,
753 2231 914 2289 summo
954 2229 1083 2272 crucis
1110 2229 1205 2282 palo
1227 2241 1317 2282 proe
1349 2239 1463 2269 xum.

122 2300 246 2354 Apud
272 2301 551 2353 Plutarchum,
580 2303 623 2344 in
647 2304 728 2345 vita
746 2303 984 2345 Cleomenis
1003 2300 1072 2343 sub
1091 2299 1239 2348 finem,
1267 2299 1464 2353 legimus,

118 2370 356 2414 Cleomenis
386 2386 562 2427 coerS‚
594 2374 732 2416 culleo
760 2374 958 2424 insutum,
999 2372 1083 2427 (cf.
1102 2369 1266 2413 casaub.
1293 2371 1341 2411 ad
1362 2369 1464 2412 Sue·

115 2450 205 2486 ton.
226 2444 303 2486 Iul.
322 2444 463 2499 c.74.)
480 2458 503 2486 e
525 2459 649 2488 cruce
666 2444 782 2488 fuisse
806 2443 1047 2500 suspensum,
1078 2443 1145 2485 sed
1167 2443 1235 2492 ita,
1270 2449 1316 2484 ut
1333 2445 1459 2496 caput

117 2517 271 2558 nudum
296 2518 509 2559 emineret.
566 2517 729 2559 Monuit
749 2518 987 2573 Leopardus
1009 2516 1103 2556 loco
1124 2515 1277 2566 citam,
1313 2514 1362 2555 ad
1379 2513 1465 2555 hoc

117 2587 361 2642 supplicium
380 2589 528 2631 Achaei
548 2590 740 2632 adludere
760 2589 954 2632 Ovidium
977 2588 1018 2629 in
1038 2587 1152 2629 Ibide
1175 2601 1214 2629 v.
1227 2597 1304 2640 301
1321 2585 1375 2639 sq.

205 2657 315 2714 Verfl]
338 2672 376 2715 4.
408 2662 477 2717 τῆς
505 2659 704 2714 Λαοδίκης
724 2690 738 2697 -
762 2689 775 2697 -
801 2658 1029 2706 συνειδυίας.
1087 2653 1159 2714 τήν
1185 2653 1388 2711 Λαοδίκην
1409 2682 1425 2691 -
1449 2681 1465 2691 ·
1498 2659 1594 2701 Vers·
1607 2671 1649 2708 40

116 2732 338 2774 συνειδυῖαν
362 2735 491 2777 voluit
509 2735 710 2791 Scalignr,
742 2747 821 2789 qua
842 2729 1102 2774 correbtione
1122 2730 1241 2771 facile
1262 2742 1463 2772 caremus·

117 2803 197 2846 Sed
220 2815 372 2847 comma
394 2806 575 2848 deletum
596 2807 791 2856 velitum„
822 2804 931 2858 quod
953 2804 1038 2858 post
1059 2795 1184 2856 ἄκροις
1201 2799 1461 2843 Casaubonus

117 2875 373 2919 interseruit:
411 2879 652 2921 adverbium
673 2891 772 2919 vero
789 2871 909 2927 μόνον
933 2876 1045 2931 (quo
1068 2873 1216 2931 saepius
1236 2873 1365 2917 utitur
1388 2872 1464 2914 Po.

788 2947 825 2990 G
845 2964 874 3004 g
906 2959 927 3001 5
1310 2944 1464 2999 lybias,
