<?xml version="1.0" encoding="UTF-8"?>
<!DOCTYPE html PUBLIC "-//W3C//DTD XHTML 1.0 Transitional//EN"
    "http://www.w3.org/TR/xhtml1/DTD/xhtml1-transitional.dtd">
<html xmlns="http://www.w3.org/1999/xhtml" xml:lang="en" lang="en">
 <head>
  <title>
</title>
<meta http-equiv="Content-Type" content="text/html;charset=utf-8" />
  <meta name='ocr-system' content='tesseract 3.04.00' />
  <meta name='ocr-capabilities' content='ocr_page ocr_carea ocr_par ocr_line ocrx_word'/>
</head>
<body>
  <div class='ocr_page' id='page_1' title='image "./historiarumquidq06polyuoft_0222.png"; bbox 0 0 1806 3262; ppageno 0'>
   <div class='ocr_carea' id='block_1_1' title="bbox 158 339 335 358">
    <p class='ocr_par' dir='ltr' id='par_1_1' title="bbox 158 339 335 358">
     <span class='ocr_line' id='line_1_1' title="bbox 158 339 335 358; baseline -0.011 -2"><span class='ocrx_word' id='word_1_1' title='bbox 158 339 335 358; x_wconf 58' lang='lat' dir='ltr'>m</span> 
     </span>
    </p>
   </div>
   <div class='ocr_carea' id='block_1_2' title="bbox 157 364 332 432">
    <p class='ocr_par' dir='ltr' id='par_1_2' title="bbox 157 364 332 432">
     <span class='ocr_line' id='line_1_2' title="bbox 157 364 332 432; baseline -0.034 0"><span class='ocrx_word' id='word_1_2' title='bbox 157 364 254 432; x_wconf 39' lang='lat' dir='ltr'><strong>⁸{sex-1.</strong></span> <span class='ocrx_word' id='word_1_3' title='bbox 277 392 332 427; x_wconf 84' lang='lat'><strong>16.</strong></span> 
     </span>
    </p>
   </div>
   <div class='ocr_carea' id='block_1_3' title="bbox 163 1949 335 1994">
    <p class='ocr_par' dir='ltr' id='par_1_3' title="bbox 163 1949 335 1994">
     <span class='ocr_line' id='line_1_3' title="bbox 163 1949 335 1994; baseline 0 -6"><span class='ocrx_word' id='word_1_4' title='bbox 163 1949 258 1988; x_wconf 78' lang='lat' dir='ltr'><strong>vers.</strong></span> <span class='ocrx_word' id='word_1_5' title='bbox 280 1957 335 1994; x_wconf 86' lang='lat'><strong>¹7·</strong></span> 
     </span>
    </p>
   </div>
   <div class='ocr_carea' id='block_1_4' title="bbox 352 263 1283 296">
    <p class='ocr_par' dir='ltr' id='par_1_4' title="bbox 352 263 1283 296">
     <span class='ocr_line' id='line_1_4' title="bbox 352 263 1283 296; baseline 0.001 -2"><span class='ocrx_word' id='word_1_6' title='bbox 352 264 433 295; x_wconf 83' lang='lat'><strong>212</strong></span> <span class='ocrx_word' id='word_1_7' title='bbox 775 263 1283 296; x_wconf 71' lang='lat' dir='ltr'>ADNOTATIONES</span> 
     </span>
    </p>
   </div>
   <div class='ocr_carea' id='block_1_5' title="bbox 364 338 1785 423">
    <p class='ocr_par' dir='ltr' id='par_1_5' title="bbox 364 338 1785 423">
     <span class='ocr_line' id='line_1_5' title="bbox 364 338 1785 423; baseline 0.002 -15"><span class='ocrx_word' id='word_1_8' title='bbox 364 366 483 423; x_wconf 86' lang='lat' dir='ltr'><strong>gride</strong></span> <span class='ocrx_word' id='word_1_9' title='bbox 503 365 543 407; x_wconf 87' lang='lat' dir='ltr'><strong>in</strong></span> <span class='ocrx_word' id='word_1_10' title='bbox 564 362 784 408; x_wconf 75' lang='lat' dir='ltr'><strong>Curdistan</strong></span> <span class='ocrx_word' id='word_1_11' title='bbox 799 373 870 408; x_wconf 80' lang='lat' dir='ltr'><strong>aut</strong></span> <span class='ocrx_word' id='word_1_12' title='bbox 887 365 1163 422; x_wconf 79' lang='lat' dir='ltr'>Atropatiana</span> <span class='ocrx_word' id='word_1_13' title='bbox 1189 366 1306 409; x_wconf 81' lang='lat' dir='ltr'>fitam</span> <span class='ocrx_word' id='word_1_14' title='bbox 1325 365 1464 419; x_wconf 82' lang='lat' dir='ltr'><strong>fuiffe,</strong></span> <span class='ocrx_word' id='word_1_15' title='bbox 1502 365 1548 411; x_wconf 75' lang='grc' dir='ltr'><strong>δε</strong></span> <span class='ocrx_word' id='word_1_16' title='bbox 1572 367 1719 411; x_wconf 79' lang='lat' dir='ltr'><strong>LucIa-</strong></span> <span class='ocrx_word' id='word_1_17' title='bbox 1772 338 1785 391; x_wconf 13' lang='grc' dir='ltr'><strong>ΨΑ</strong></span> 
     </span>
    </p>
   </div>
   <div class='ocr_carea' id='block_1_6' title="bbox 365 432 1720 640">
    <p class='ocr_par' dir='ltr' id='par_1_6' title="bbox 365 432 1720 640">
     <span class='ocr_line' id='line_1_6' title="bbox 365 432 1718 496; baseline 0.001 -16"><span class='ocrx_word' id='word_1_18' title='bbox 365 453 466 481; x_wconf 90' lang='lat' dir='ltr'><strong>num</strong></span> <span class='ocrx_word' id='word_1_19' title='bbox 485 451 650 493; x_wconf 90' lang='lat' dir='ltr'><strong>quoque</strong></span> <span class='ocrx_word' id='word_1_20' title='bbox 666 432 720 478; x_wconf 83' lang='lat' dir='ltr'><strong>T.</strong></span> <span class='ocrx_word' id='word_1_21' title='bbox 740 436 795 479; x_wconf 91' lang='grc' dir='ltr'><strong>Π.</strong></span> <span class='ocrx_word' id='word_1_22' title='bbox 813 451 854 493; x_wconf 88' lang='lat' dir='ltr'><strong>p.</strong></span> <span class='ocrx_word' id='word_1_23' title='bbox 868 437 936 492; x_wconf 83' lang='lat'><strong>36.</strong></span> <span class='ocrx_word' id='word_1_24' title='bbox 959 439 1013 479; x_wconf 85' lang='lat' dir='ltr'><strong>de</strong></span> <span class='ocrx_word' id='word_1_25' title='bbox 1035 438 1106 481; x_wconf 75' lang='lat' dir='ltr'><strong>illa</strong></span> <span class='ocrx_word' id='word_1_26' title='bbox 1125 440 1255 496; x_wconf 80' lang='lat' dir='ltr'><strong>loqui.</strong></span> <span class='ocrx_word' id='word_1_27' title='bbox 1309 438 1449 481; x_wconf 67' lang='lat' dir='ltr'><strong>Mirari</strong></span> <span class='ocrx_word' id='word_1_28' title='bbox 1466 446 1604 482; x_wconf 74' lang='lat' dir='ltr'><strong>tamen</strong></span> <span class='ocrx_word' id='word_1_29' title='bbox 1624 439 1718 482; x_wconf 82' lang='lat' dir='ltr'><strong>satis</strong></span> 
     </span>
     <span class='ocr_line' id='line_1_7' title="bbox 366 508 1720 566; baseline 0.003 -14"><span class='ocrx_word' id='word_1_30' title='bbox 366 523 452 553; x_wconf 85' lang='lat' dir='ltr'><strong>non</strong></span> <span class='ocrx_word' id='word_1_31' title='bbox 474 508 656 564; x_wconf 84' lang='lat' dir='ltr'>poffum,</span> <span class='ocrx_word' id='word_1_32' title='bbox 684 510 755 564; x_wconf 87' lang='lat' dir='ltr'><strong>qui</strong></span> <span class='ocrx_word' id='word_1_33' title='bbox 771 508 866 560; x_wconf 87' lang='lat' dir='ltr'><strong>fiat,</strong></span> <span class='ocrx_word' id='word_1_34' title='bbox 902 518 951 552; x_wconf 85' lang='lat' dir='ltr'><strong>ut</strong></span> <span class='ocrx_word' id='word_1_35' title='bbox 975 509 1175 566; x_wconf 83' lang='lat' dir='ltr'><strong>Polybius</strong></span> <span class='ocrx_word' id='word_1_36' title='bbox 1196 509 1411 565; x_wconf 78' lang='lat' dir='ltr'><strong>Europum</strong></span> <span class='ocrx_word' id='word_1_37' title='bbox 1439 509 1484 555; x_wconf 85' lang='lat'>&amp;</span> <span class='ocrx_word' id='word_1_38' title='bbox 1505 509 1632 555; x_wconf 76' lang='lat' dir='ltr'><strong>Dura</strong></span> <span class='ocrx_word' id='word_1_39' title='bbox 1660 511 1720 555; x_wconf 76' lang='lat' dir='ltr'><strong>di-</strong></span> 
     </span>
     <span class='ocr_line' id='line_1_8' title="bbox 367 581 1719 640; baseline 0.002 -17"><span class='ocrx_word' id='word_1_40' title='bbox 367 581 503 627; x_wconf 83' lang='lat' dir='ltr'><strong>versas</strong></span> <span class='ocrx_word' id='word_1_41' title='bbox 533 581 675 631; x_wconf 82' lang='lat' dir='ltr'>faciat,</span> <span class='ocrx_word' id='word_1_42' title='bbox 713 594 813 636; x_wconf 83' lang='lat' dir='ltr'><strong>quas</strong></span> <span class='ocrx_word' id='word_1_43' title='bbox 831 581 1009 623; x_wconf 78' lang='lat' dir='ltr'><strong>Ifidorus</strong></span> <span class='ocrx_word' id='word_1_44' title='bbox 1031 583 1294 624; x_wconf 78' lang='lat' dir='ltr'><strong>Characenus</strong></span> <span class='ocrx_word' id='word_1_45' title='bbox 1310 594 1388 638; x_wconf 88' lang='lat' dir='ltr'><strong>pro</strong></span> <span class='ocrx_word' id='word_1_46' title='bbox 1406 592 1490 626; x_wconf 80' lang='lat' dir='ltr'><strong>una</strong></span> <span class='ocrx_word' id='word_1_47' title='bbox 1504 583 1651 635; x_wconf 86' lang='lat' dir='ltr'><strong>habet,</strong></span> <span class='ocrx_word' id='word_1_48' title='bbox 1674 596 1719 640; x_wconf 75' lang='lat' dir='ltr'><strong>p.</strong></span> 
     </span>
    </p>
   </div>
   <div class='ocr_carea' id='block_1_7' title="bbox 369 651 1780 708">
    <p class='ocr_par' dir='ltr' id='par_1_7' title="bbox 369 651 1780 708">
     <span class='ocr_line' id='line_1_9' title="bbox 369 651 1780 708; baseline 0.001 -13"><span class='ocrx_word' id='word_1_49' title='bbox 369 665 411 707; x_wconf 78' lang='grc'><strong>4.</strong></span> <span class='ocrx_word' id='word_1_50' title='bbox 438 652 490 695; x_wconf 93' lang='grc' dir='ltr'><strong>Τ.</strong></span> <span class='ocrx_word' id='word_1_51' title='bbox 512 652 565 694; x_wconf 85' lang='grc' dir='ltr'><strong>Π.</strong></span> <span class='ocrx_word' id='word_1_52' title='bbox 603 651 842 708; x_wconf 78' lang='lat' dir='ltr'><strong>Geograph.</strong></span> <span class='ocrx_word' id='word_1_53' title='bbox 871 654 1021 696; x_wconf 85' lang='lat' dir='ltr'>minor.</span> <span class='ocrx_word' id='word_1_54' title='bbox 1050 653 1234 696; x_wconf 88' lang='lat' dir='ltr'>Hudsom</span> <span class='ocrx_word' id='word_1_55' title='bbox 1257 685 1271 705; x_wconf 86' lang='lat'><strong>,</strong></span> <span class='ocrx_word' id='word_1_56' title='bbox 1314 654 1383 697; x_wconf 87' lang='lat' dir='ltr'><strong>ubi</strong></span> <span class='ocrx_word' id='word_1_57' title='bbox 1412 655 1508 697; x_wconf 83' lang='lat' dir='ltr'><strong>vide</strong></span> <span class='ocrx_word' id='word_1_58' title='bbox 1536 654 1720 699; x_wconf 82' lang='lat' dir='ltr'><strong>Hudson.</strong></span> <span class='ocrx_word' id='word_1_59' title='bbox 1778 695 1780 697; x_wconf 76' lang='grc'>,</span> 
     </span>
    </p>
   </div>
   <div class='ocr_carea' id='block_1_8' title="bbox 368 723 1721 1071">
    <p class='ocr_par' dir='ltr' id='par_1_8' title="bbox 368 723 1721 1071">
     <span class='ocr_line' id='line_1_10' title="bbox 370 723 1721 782; baseline 0.003 -17"><span class='ocrx_word' id='word_1_60' title='bbox 370 723 546 770; x_wconf 84' lang='lat' dir='ltr'><strong>Necesse</strong></span> <span class='ocrx_word' id='word_1_61' title='bbox 582 737 748 779; x_wconf 89' lang='lat' dir='ltr'><strong>quoque</strong></span> <span class='ocrx_word' id='word_1_62' title='bbox 786 725 844 767; x_wconf 91' lang='lat' dir='ltr'><strong>est</strong></span> <span class='ocrx_word' id='word_1_63' title='bbox 860 756 872 776; x_wconf 92' lang='lat'>‚</span> <span class='ocrx_word' id='word_1_64' title='bbox 925 732 972 767; x_wconf 90' lang='lat' dir='ltr'><strong>ut</strong></span> <span class='ocrx_word' id='word_1_65' title='bbox 1011 726 1127 780; x_wconf 86' lang='lat' dir='ltr'><strong>plura</strong></span> <span class='ocrx_word' id='word_1_66' title='bbox 1165 726 1317 782; x_wconf 69' lang='lat' dir='ltr'>oppida</span> <span class='ocrx_word' id='word_1_67' title='bbox 1352 728 1505 770; x_wconf 89' lang='lat' dir='ltr'><strong>eodem</strong></span> <span class='ocrx_word' id='word_1_68' title='bbox 1548 728 1721 770; x_wconf 83' lang='lat' dir='ltr'><strong>nomine</strong></span> 
     </span>
     <span class='ocr_line' id='line_1_11' title="bbox 370 792 1720 854; baseline 0.003 -16"><span class='ocrx_word' id='word_1_69' title='bbox 370 793 584 852; x_wconf 76' lang='grc' dir='ltr'><strong>[Δοῦρα]</strong></span> <span class='ocrx_word' id='word_1_70' title='bbox 611 794 737 838; x_wconf 82' lang='lat' dir='ltr'><strong>Dura</strong></span> <span class='ocrx_word' id='word_1_71' title='bbox 754 797 920 839; x_wconf 70' lang='lat' dir='ltr'><strong>fuerint.</strong></span> <span class='ocrx_word' id='word_1_72' title='bbox 976 794 1127 841; x_wconf 87' lang='lat' dir='ltr'><strong>Noster</strong></span> <span class='ocrx_word' id='word_1_73' title='bbox 1156 798 1269 840; x_wconf 71' lang='lat' dir='ltr'><strong>enitn</strong></span> <span class='ocrx_word' id='word_1_74' title='bbox 1292 811 1333 854; x_wconf 84' lang='lat' dir='ltr'><strong>p.</strong></span> <span class='ocrx_word' id='word_1_75' title='bbox 1352 808 1374 852; x_wconf 87' lang='lat'>5</span> <span class='ocrx_word' id='word_1_76' title='bbox 1381 795 1447 852; x_wconf 55' lang='lat'><strong>52⁸,</strong></span> <span class='ocrx_word' id='word_1_77' title='bbox 1469 792 1546 852; x_wconf 88' lang='lat' dir='ltr'><strong>[V.</strong></span> <span class='ocrx_word' id='word_1_78' title='bbox 1571 808 1637 854; x_wconf 83' lang='lat'><strong>55,</strong></span> <span class='ocrx_word' id='word_1_79' title='bbox 1660 795 1720 854; x_wconf 77' lang='lat'><strong>2·]</strong></span> 
     </span>
     <span class='ocr_line' id='line_1_12' title="bbox 369 866 1720 923; baseline 0.002 -12"><span class='ocrx_word' id='word_1_80' title='bbox 369 867 496 911; x_wconf 82' lang='lat' dir='ltr'><strong>Dura</strong></span> <span class='ocrx_word' id='word_1_81' title='bbox 517 868 621 909; x_wconf 84' lang='lat' dir='ltr'><strong>ultra</strong></span> <span class='ocrx_word' id='word_1_82' title='bbox 632 866 848 923; x_wconf 83' lang='lat' dir='ltr'><strong>Tigridem</strong></span> <span class='ocrx_word' id='word_1_83' title='bbox 870 868 1022 920; x_wconf 82' lang='lat' dir='ltr'><strong>statuit,</strong></span> <span class='ocrx_word' id='word_1_84' title='bbox 1047 869 1111 911; x_wconf 82' lang='lat' dir='ltr'><strong>uti</strong></span> <span class='ocrx_word' id='word_1_85' title='bbox 1130 870 1257 911; x_wconf 87' lang='lat' dir='ltr'><strong>etiam</strong></span> <span class='ocrx_word' id='word_1_86' title='bbox 1271 869 1516 913; x_wconf 81' lang='lat' dir='ltr'>Ammianus</span> <span class='ocrx_word' id='word_1_87' title='bbox 1535 871 1720 914; x_wconf 83' lang='lat' dir='ltr'><strong>Marcell.</strong></span> 
     </span>
     <span class='ocr_line' id='line_1_13' title="bbox 368 937 1718 999; baseline -0.001 -14"><span class='ocrx_word' id='word_1_88' title='bbox 368 939 512 985; x_wconf 87' lang='lat' dir='ltr'><strong>XXV.</strong></span> <span class='ocrx_word' id='word_1_89' title='bbox 533 938 602 982; x_wconf 89' lang='lat'><strong>26.</strong></span> <span class='ocrx_word' id='word_1_90' title='bbox 620 941 691 981; x_wconf 88' lang='lat' dir='ltr'><strong>ubi</strong></span> <span class='ocrx_word' id='word_1_91' title='bbox 714 941 809 982; x_wconf 89' lang='lat' dir='ltr'><strong>vide</strong></span> <span class='ocrx_word' id='word_1_92' title='bbox 827 937 962 983; x_wconf 83' lang='lat' dir='ltr'><strong>Vales.</strong></span> <span class='ocrx_word' id='word_1_93' title='bbox 1021 940 1110 983; x_wconf 91' lang='lat' dir='ltr'><strong>Alii</strong></span> <span class='ocrx_word' id='word_1_94' title='bbox 1137 947 1277 983; x_wconf 84' lang='lat' dir='ltr'><strong>autem</strong></span> <span class='ocrx_word' id='word_1_95' title='bbox 1296 943 1347 985; x_wconf 79' lang='lat' dir='ltr'><strong>ad</strong></span> <span class='ocrx_word' id='word_1_96' title='bbox 1366 942 1621 999; x_wconf 83' lang='lat' dir='ltr'><strong>Euphratem</strong></span> <span class='ocrx_word' id='word_1_97' title='bbox 1646 956 1718 999; x_wconf 86' lang='lat' dir='ltr'><strong>po-</strong></span> 
     </span>
     <span class='ocr_line' id='line_1_14' title="bbox 369 1010 1721 1071; baseline 0.002 -17"><span class='ocrx_word' id='word_1_98' title='bbox 369 1013 518 1054; x_wconf 86' lang='lat' dir='ltr'><strong>nunt.“</strong></span> <span class='ocrx_word' id='word_1_99' title='bbox 548 1024 727 1054; x_wconf 74' lang='lat' dir='ltr'><strong>Rmsm</strong></span> <span class='ocrx_word' id='word_1_100' title='bbox 738 1024 809 1055; x_wconf 87' lang='lat' dir='ltr'><strong>vs.</strong></span> <span class='ocrx_word' id='word_1_101' title='bbox 839 1032 893 1046; x_wconf 88' lang='lat'><em>-</em></span> <span class='ocrx_word' id='word_1_102' title='bbox 951 1010 1058 1056; x_wconf 90' lang='lat' dir='ltr'><strong>Cum</strong></span> <span class='ocrx_word' id='word_1_103' title='bbox 1079 1027 1115 1055; x_wconf 91' lang='lat' dir='ltr'><strong>c.</strong></span> <span class='ocrx_word' id='word_1_104' title='bbox 1139 1022 1205 1067; x_wconf 80' lang='lat'><strong>55,</strong></span> <span class='ocrx_word' id='word_1_105' title='bbox 1229 1025 1268 1057; x_wconf 87' lang='lat'><strong>2.</strong></span> <span class='ocrx_word' id='word_1_106' title='bbox 1287 1014 1394 1056; x_wconf 80' lang='lat' dir='ltr'><strong>ultra</strong></span> <span class='ocrx_word' id='word_1_107' title='bbox 1411 1012 1578 1071; x_wconf 86' lang='lat' dir='ltr'>Tigrim</span> <span class='ocrx_word' id='word_1_108' title='bbox 1593 1013 1721 1059; x_wconf 76' lang='lat' dir='ltr'><strong>Dura</strong></span> 
     </span>
    </p>
   </div>
   <div class='ocr_carea' id='block_1_9' title="bbox 370 1080 1792 1215">
    <p class='ocr_par' dir='ltr' id='par_1_9' title="bbox 370 1080 1792 1215">
     <span class='ocr_line' id='line_1_15' title="bbox 370 1080 1792 1139; baseline 0 -13"><span class='ocrx_word' id='word_1_109' title='bbox 370 1080 519 1126; x_wconf 86' lang='lat' dir='ltr'><strong>statuat</strong></span> <span class='ocrx_word' id='word_1_110' title='bbox 546 1083 772 1139; x_wconf 88' lang='lat' dir='ltr'><strong>Polybius,</strong></span> <span class='ocrx_word' id='word_1_111' title='bbox 804 1097 883 1126; x_wconf 89' lang='lat' dir='ltr'><strong>nec</strong></span> <span class='ocrx_word' id='word_1_112' title='bbox 905 1091 1046 1126; x_wconf 86' lang='lat' dir='ltr'><strong>tamen</strong></span> <span class='ocrx_word' id='word_1_113' title='bbox 1065 1084 1266 1127; x_wconf 88' lang='lat' dir='ltr'><strong>diversam</strong></span> <span class='ocrx_word' id='word_1_114' title='bbox 1286 1086 1478 1129; x_wconf 85' lang='lat' dir='ltr'><strong>videatur</strong></span> <span class='ocrx_word' id='word_1_115' title='bbox 1497 1088 1642 1130; x_wconf 88' lang='lat' dir='ltr'><strong>urbem</strong></span> <span class='ocrx_word' id='word_1_116' title='bbox 1660 1087 1719 1130; x_wconf 86' lang='lat' dir='ltr'><strong>di·</strong></span> <span class='ocrx_word' id='word_1_117' title='bbox 1784 1080 1792 1126; x_wconf 67' lang='grc' dir='ltr'>ζ</span> 
     </span>
     <span class='ocr_line' id='line_1_16' title="bbox 371 1154 1781 1215; baseline 0.004 -19"><span class='ocrx_word' id='word_1_118' title='bbox 371 1169 470 1197; x_wconf 89' lang='lat' dir='ltr'><strong>cere</strong></span> <span class='ocrx_word' id='word_1_119' title='bbox 500 1154 549 1197; x_wconf 85' lang='lat' dir='ltr'><strong>ab</strong></span> <span class='ocrx_word' id='word_1_120' title='bbox 574 1155 676 1205; x_wconf 88' lang='lat' dir='ltr'>hac,</span> <span class='ocrx_word' id='word_1_121' title='bbox 730 1169 852 1211; x_wconf 81' lang='lat' dir='ltr'><strong>quam</strong></span> <span class='ocrx_word' id='word_1_122' title='bbox 878 1157 947 1199; x_wconf 92' lang='lat' dir='ltr'><strong>hic</strong></span> <span class='ocrx_word' id='word_1_123' title='bbox 979 1165 1311 1209; x_wconf 85' lang='lat' dir='ltr'><strong>commemorat;</strong></span> <span class='ocrx_word' id='word_1_124' title='bbox 1357 1158 1513 1201; x_wconf 84' lang='lat' dir='ltr'>oboriri</span> <span class='ocrx_word' id='word_1_125' title='bbox 1548 1158 1719 1215; x_wconf 85' lang='lat' dir='ltr'>suspicio</span> <span class='ocrx_word' id='word_1_126' title='bbox 1770 1202 1781 1208; x_wconf 77' lang='grc'><strong><em>,</em></strong></span> 
     </span>
    </p>
   </div>
   <div class='ocr_carea' id='block_1_10' title="bbox 369 1226 1718 1503">
    <p class='ocr_par' dir='ltr' id='par_1_10' title="bbox 369 1226 1718 1503">
     <span class='ocr_line' id='line_1_17' title="bbox 370 1226 1718 1283; baseline 0.004 -16"><span class='ocrx_word' id='word_1_127' title='bbox 370 1226 527 1283; x_wconf 86' lang='lat' dir='ltr'><strong>potest,</strong></span> <span class='ocrx_word' id='word_1_128' title='bbox 579 1235 829 1282; x_wconf 84' lang='lat' dir='ltr'><strong>permutatas</strong></span> <span class='ocrx_word' id='word_1_129' title='bbox 857 1227 1022 1270; x_wconf 77' lang='lat' dir='ltr'><strong>fortasse</strong></span> <span class='ocrx_word' id='word_1_130' title='bbox 1049 1228 1231 1272; x_wconf 86' lang='lat' dir='ltr'><strong>invicem</strong></span> <span class='ocrx_word' id='word_1_131' title='bbox 1262 1245 1288 1272; x_wconf 85' lang='lat' dir='ltr'><strong>a</strong></span> <span class='ocrx_word' id='word_1_132' title='bbox 1316 1230 1494 1273; x_wconf 82' lang='lat' dir='ltr'><strong>librariis</strong></span> <span class='ocrx_word' id='word_1_133' title='bbox 1527 1229 1608 1273; x_wconf 85' lang='lat' dir='ltr'><strong>esse</strong></span> <span class='ocrx_word' id='word_1_134' title='bbox 1634 1231 1718 1273; x_wconf 83' lang='lat' dir='ltr'><strong>hoe</strong></span> 
     </span>
     <span class='ocr_line' id='line_1_18' title="bbox 370 1299 1718 1357; baseline 0.003 -16"><span class='ocrx_word' id='word_1_135' title='bbox 370 1300 468 1342; x_wconf 88' lang='lat' dir='ltr'><strong>loco</strong></span> <span class='ocrx_word' id='word_1_136' title='bbox 488 1300 603 1342; x_wconf 90' lang='lat' dir='ltr'><strong>sedes</strong></span> <span class='ocrx_word' id='word_1_137' title='bbox 623 1299 800 1342; x_wconf 87' lang='lat' dir='ltr'><strong>duorum</strong></span> <span class='ocrx_word' id='word_1_138' title='bbox 819 1301 1035 1348; x_wconf 84' lang='lat' dir='ltr'>nominum</span> <span class='ocrx_word' id='word_1_139' title='bbox 1057 1299 1384 1357; x_wconf 65' lang='grc' dir='ltr'><strong>Παραποταμίων</strong></span> <span class='ocrx_word' id='word_1_140' title='bbox 1409 1301 1456 1346; x_wconf 88' lang='lat'>&amp;</span> <span class='ocrx_word' id='word_1_141' title='bbox 1477 1304 1718 1347; x_wconf 70' lang='grc' dir='ltr'><em>Μεσοποτα·</em></span> 
     </span>
     <span class='ocr_line' id='line_1_19' title="bbox 370 1370 1718 1431; baseline 0.004 -18"><span class='ocrx_word' id='word_1_142' title='bbox 370 1370 481 1425; x_wconf 73' lang='grc' dir='ltr'><strong><em>μίαν.</em></strong></span> <span class='ocrx_word' id='word_1_143' title='bbox 537 1371 616 1414; x_wconf 88' lang='lat' dir='ltr'><strong>Sed</strong></span> <span class='ocrx_word' id='word_1_144' title='bbox 638 1385 773 1414; x_wconf 85' lang='lat' dir='ltr'><strong>meras</strong></span> <span class='ocrx_word' id='word_1_145' title='bbox 797 1370 1052 1426; x_wconf 62' lang='lat' dir='ltr'><strong>conjefiuras</strong></span> <span class='ocrx_word' id='word_1_146' title='bbox 1068 1373 1154 1428; x_wconf 83' lang='lat' dir='ltr'><strong>jam</strong></span> <span class='ocrx_word' id='word_1_147' title='bbox 1179 1374 1367 1431; x_wconf 85' lang='lat' dir='ltr'><strong>persequi</strong></span> <span class='ocrx_word' id='word_1_148' title='bbox 1395 1385 1477 1418; x_wconf 76' lang='lat' dir='ltr'><strong>nee</strong></span> <span class='ocrx_word' id='word_1_149' title='bbox 1500 1375 1617 1419; x_wconf 84' lang='lat' dir='ltr'><strong>lubet</strong></span> <span class='ocrx_word' id='word_1_150' title='bbox 1644 1389 1718 1418; x_wconf 88' lang='lat' dir='ltr'><strong>no·</strong></span> 
     </span>
     <span class='ocr_line' id='line_1_20' title="bbox 369 1443 1718 1503; baseline 0.004 -17"><span class='ocrx_word' id='word_1_151' title='bbox 369 1445 456 1495; x_wconf 91' lang='lat' dir='ltr'><strong>bis,</strong></span> <span class='ocrx_word' id='word_1_152' title='bbox 484 1457 562 1485; x_wconf 89' lang='lat' dir='ltr'><strong>nec</strong></span> <span class='ocrx_word' id='word_1_153' title='bbox 582 1452 712 1486; x_wconf 87' lang='lat' dir='ltr'><strong>vacat.</strong></span> <span class='ocrx_word' id='word_1_154' title='bbox 757 1444 900 1486; x_wconf 73' lang='lat' dir='ltr'><strong>Multae</strong></span> <span class='ocrx_word' id='word_1_155' title='bbox 917 1443 1129 1500; x_wconf 83' lang='lat' dir='ltr'><strong>supersunt</strong></span> <span class='ocrx_word' id='word_1_156' title='bbox 1145 1447 1190 1488; x_wconf 87' lang='lat' dir='ltr'><strong>in</strong></span> <span class='ocrx_word' id='word_1_157' title='bbox 1206 1446 1284 1488; x_wconf 83' lang='lat' dir='ltr'><strong>hac</strong></span> <span class='ocrx_word' id='word_1_158' title='bbox 1303 1453 1418 1503; x_wconf 83' lang='lat' dir='ltr'><strong>parte</strong></span> <span class='ocrx_word' id='word_1_159' title='bbox 1439 1449 1595 1490; x_wconf 84' lang='lat' dir='ltr'><strong>veteris</strong></span> <span class='ocrx_word' id='word_1_160' title='bbox 1608 1446 1718 1491; x_wconf 85' lang='lat' dir='ltr'><strong>Geo-</strong></span> 
     </span>
    </p>
   </div>
   <div class='ocr_carea' id='block_1_11' title="bbox 369 1514 1791 1576">
    <p class='ocr_par' dir='ltr' id='par_1_11' title="bbox 369 1514 1791 1576">
     <span class='ocr_line' id='line_1_21' title="bbox 369 1514 1791 1576; baseline 0.004 -19"><span class='ocrx_word' id='word_1_161' title='bbox 369 1517 556 1572; x_wconf 83' lang='lat' dir='ltr'>graphiae</span> <span class='ocrx_word' id='word_1_162' title='bbox 576 1514 839 1558; x_wconf 83' lang='lat' dir='ltr'><strong>difficultates</strong></span> <span class='ocrx_word' id='word_1_163' title='bbox 854 1546 866 1565; x_wconf 86' lang='lat'><em>,</em></span> <span class='ocrx_word' id='word_1_164' title='bbox 895 1526 997 1571; x_wconf 83' lang='lat' dir='ltr'><strong>quas</strong></span> <span class='ocrx_word' id='word_1_165' title='bbox 1019 1515 1274 1560; x_wconf 77' lang='lat' dir='ltr'>doffioribus</span> <span class='ocrx_word' id='word_1_166' title='bbox 1293 1518 1417 1571; x_wconf 79' lang='lat' dir='ltr'>viriS,</span> <span class='ocrx_word' id='word_1_167' title='bbox 1450 1519 1521 1575; x_wconf 85' lang='lat' dir='ltr'><strong>qui</strong></span> <span class='ocrx_word' id='word_1_168' title='bbox 1537 1518 1582 1563; x_wconf 86' lang='lat'>&amp;</span> <span class='ocrx_word' id='word_1_169' title='bbox 1599 1520 1717 1576; x_wconf 84' lang='lat' dir='ltr'><strong>inge·</strong></span> <span class='ocrx_word' id='word_1_170' title='bbox 1789 1541 1791 1547; x_wconf 92' lang='lat'>·</span> 
     </span>
    </p>
   </div>
   <div class='ocr_carea' id='block_1_12' title="bbox 365 1586 1714 2074">
    <p class='ocr_par' dir='ltr' id='par_1_12' title="bbox 366 1586 1714 1930">
     <span class='ocr_line' id='line_1_22' title="bbox 366 1586 1714 1646; baseline 0.004 -17"><span class='ocrx_word' id='word_1_171' title='bbox 366 1589 426 1629; x_wconf 85' lang='lat' dir='ltr'><strong>nii</strong></span> <span class='ocrx_word' id='word_1_172' title='bbox 445 1589 564 1643; x_wconf 88' lang='lat' dir='ltr'>copia</span> <span class='ocrx_word' id='word_1_173' title='bbox 583 1586 629 1630; x_wconf 72' lang='grc' dir='ltr'><strong>δε</strong></span> <span class='ocrx_word' id='word_1_174' title='bbox 651 1588 741 1629; x_wconf 79' lang='lat' dir='ltr'><strong>otio</strong></span> <span class='ocrx_word' id='word_1_175' title='bbox 768 1588 994 1639; x_wconf 81' lang='lat' dir='ltr'><strong>abundant,</strong></span> <span class='ocrx_word' id='word_1_176' title='bbox 1029 1586 1287 1632; x_wconf 78' lang='lat' dir='ltr'><strong>extricandas</strong></span> <span class='ocrx_word' id='word_1_177' title='bbox 1316 1588 1605 1646; x_wconf 82' lang='lat' dir='ltr'><strong>relinquimuS.</strong></span> <span class='ocrx_word' id='word_1_178' title='bbox 1661 1588 1714 1635; x_wconf 90' lang='lat' dir='ltr'><strong>Il-</strong></span> 
     </span>
     <span class='ocr_line' id='line_1_23' title="bbox 366 1657 1710 1719; baseline 0.004 -18"><span class='ocrx_word' id='word_1_179' title='bbox 366 1660 438 1701; x_wconf 91' lang='lat' dir='ltr'><strong>lud</strong></span> <span class='ocrx_word' id='word_1_180' title='bbox 459 1667 596 1701; x_wconf 85' lang='lat' dir='ltr'><strong>tamen</strong></span> <span class='ocrx_word' id='word_1_181' title='bbox 615 1659 741 1701; x_wconf 88' lang='lat' dir='ltr'><strong>velim</strong></span> <span class='ocrx_word' id='word_1_182' title='bbox 758 1658 1024 1710; x_wconf 71' lang='lat' dir='ltr'><strong>considerari,</strong></span> <span class='ocrx_word' id='word_1_183' title='bbox 1053 1661 1165 1716; x_wconf 88' lang='lat' dir='ltr'>posci</span> <span class='ocrx_word' id='word_1_184' title='bbox 1183 1662 1352 1717; x_wconf 87' lang='lat' dir='ltr'><strong>quidem</strong></span> <span class='ocrx_word' id='word_1_185' title='bbox 1372 1659 1418 1705; x_wconf 86' lang='lat'>&amp;</span> <span class='ocrx_word' id='word_1_186' title='bbox 1438 1657 1666 1719; x_wconf 71' lang='lat' dir='ltr'><strong>exspestari</strong></span> <span class='ocrx_word' id='word_1_187' title='bbox 1686 1678 1710 1706; x_wconf 85' lang='lat' dir='ltr'>a</span> 
     </span>
     <span class='ocr_line' id='line_1_24' title="bbox 366 1729 1711 1787; baseline 0.004 -14"><span class='ocrx_word' id='word_1_188' title='bbox 366 1730 544 1786; x_wconf 79' lang='lat' dir='ltr'>Polybio</span> <span class='ocrx_word' id='word_1_189' title='bbox 557 1729 693 1786; x_wconf 82' lang='lat' dir='ltr'><strong>poffe,</strong></span> <span class='ocrx_word' id='word_1_190' title='bbox 718 1739 764 1773; x_wconf 90' lang='lat' dir='ltr'><strong>ut</strong></span> <span class='ocrx_word' id='word_1_191' title='bbox 779 1730 849 1772; x_wconf 83' lang='lat' dir='ltr'><strong>fibi</strong></span> <span class='ocrx_word' id='word_1_192' title='bbox 866 1730 914 1773; x_wconf 87' lang='lat' dir='ltr'><strong>fit</strong></span> <span class='ocrx_word' id='word_1_193' title='bbox 932 1732 1143 1775; x_wconf 82' lang='lat' dir='ltr'>constans:</span> <span class='ocrx_word' id='word_1_194' title='bbox 1171 1734 1213 1777; x_wconf 87' lang='lat' dir='ltr'><strong>id</strong></span> <span class='ocrx_word' id='word_1_195' title='bbox 1232 1747 1319 1776; x_wconf 87' lang='lat' dir='ltr'><strong>non</strong></span> <span class='ocrx_word' id='word_1_196' title='bbox 1335 1732 1418 1777; x_wconf 81' lang='lat' dir='ltr'><strong>esse</strong></span> <span class='ocrx_word' id='word_1_197' title='bbox 1440 1733 1625 1787; x_wconf 77' lang='lat' dir='ltr'><strong>neceffe,</strong></span> <span class='ocrx_word' id='word_1_198' title='bbox 1651 1743 1711 1787; x_wconf 82' lang='lat' dir='ltr'><strong>ut,</strong></span> 
     </span>
     <span class='ocr_line' id='line_1_25' title="bbox 366 1801 1711 1858; baseline 0.004 -14"><span class='ocrx_word' id='word_1_199' title='bbox 366 1801 715 1858; x_wconf 74' lang='lat' dir='ltr'><strong>diligentissimum</strong></span> <span class='ocrx_word' id='word_1_200' title='bbox 748 1803 846 1845; x_wconf 86' lang='lat' dir='ltr'><strong>licet</strong></span> <span class='ocrx_word' id='word_1_201' title='bbox 871 1803 1136 1858; x_wconf 84' lang='lat' dir='ltr'>scriptorem,</span> <span class='ocrx_word' id='word_1_202' title='bbox 1173 1806 1401 1851; x_wconf 84' lang='lat' dir='ltr'><strong>immunem</strong></span> <span class='ocrx_word' id='word_1_203' title='bbox 1427 1806 1478 1849; x_wconf 77' lang='lat' dir='ltr'><strong>ab</strong></span> <span class='ocrx_word' id='word_1_204' title='bbox 1507 1808 1624 1851; x_wconf 85' lang='lat' dir='ltr'>omni</span> <span class='ocrx_word' id='word_1_205' title='bbox 1648 1821 1711 1850; x_wconf 87' lang='lat' dir='ltr'><strong>er-</strong></span> 
     </span>
     <span class='ocr_line' id='line_1_26' title="bbox 366 1875 1295 1930; baseline 0.006 -15"><span class='ocrx_word' id='word_1_206' title='bbox 366 1887 463 1916; x_wconf 87' lang='lat' dir='ltr'><strong>rore</strong></span> <span class='ocrx_word' id='word_1_207' title='bbox 485 1876 526 1916; x_wconf 92' lang='lat' dir='ltr'><strong>in</strong></span> <span class='ocrx_word' id='word_1_208' title='bbox 543 1875 625 1916; x_wconf 92' lang='lat' dir='ltr'><strong>hoc</strong></span> <span class='ocrx_word' id='word_1_209' title='bbox 643 1875 868 1929; x_wconf 76' lang='lat' dir='ltr'><strong>praesertim</strong></span> <span class='ocrx_word' id='word_1_210' title='bbox 888 1890 1044 1930; x_wconf 85' lang='lat' dir='ltr'><strong>genere</strong></span> <span class='ocrx_word' id='word_1_211' title='bbox 1062 1877 1295 1922; x_wconf 81' lang='lat' dir='ltr'><strong>statuamus.</strong></span> 
     </span>
    </p>

    <p class='ocr_par' dir='ltr' id='par_1_13' title="bbox 365 1942 1711 2074">
     <span class='ocr_line' id='line_1_27' title="bbox 450 1942 1711 2006; baseline 0.006 -19"><span class='ocrx_word' id='word_1_212' title='bbox 450 1943 566 2002; x_wconf 79' lang='lat' dir='ltr'><strong>Vers-</strong></span> <span class='ocrx_word' id='word_1_213' title='bbox 603 1958 667 1999; x_wconf 78' lang='lat'><strong>17.</strong></span> <span class='ocrx_word' id='word_1_214' title='bbox 716 1944 765 1993; x_wconf 65' lang='grc' dir='ltr'><strong>ὡς</strong></span> <span class='ocrx_word' id='word_1_215' title='bbox 792 1942 926 1988; x_wconf 74' lang='grc' dir='ltr'>ἐπάνω</span> <span class='ocrx_word' id='word_1_216' title='bbox 956 1948 1155 2004; x_wconf 73' lang='grc' dir='ltr'><strong><em>προεῖπον.</em></strong></span> <span class='ocrx_word' id='word_1_217' title='bbox 1197 1950 1292 1993; x_wconf 87' lang='lat' dir='ltr'><strong>vide</strong></span> <span class='ocrx_word' id='word_1_218' title='bbox 1323 1963 1413 2006; x_wconf 83' lang='lat' dir='ltr'><strong>cap.</strong></span> <span class='ocrx_word' id='word_1_219' title='bbox 1437 1947 1507 2006; x_wconf 78' lang='grc'><strong>46.</strong></span> <span class='ocrx_word' id='word_1_220' title='bbox 1538 1958 1577 2006; x_wconf 80' lang='lat'><strong>5·</strong></span> <span class='ocrx_word' id='word_1_221' title='bbox 1641 1949 1711 1995; x_wconf 79' lang='lat' dir='ltr'><strong>Ad</strong></span> 
     </span>
     <span class='ocr_line' id='line_1_28' title="bbox 365 2018 1464 2074; baseline 0.006 -15"><span class='ocrx_word' id='word_1_222' title='bbox 365 2018 553 2074; x_wconf 67' lang='grc' dir='ltr'><strong>προεῖπον</strong></span> <span class='ocrx_word' id='word_1_223' title='bbox 568 2018 681 2060; x_wconf 80' lang='lat' dir='ltr'><strong>nulla</strong></span> <span class='ocrx_word' id='word_1_224' title='bbox 700 2032 810 2061; x_wconf 87' lang='lat' dir='ltr'><strong>nunc</strong></span> <span class='ocrx_word' id='word_1_225' title='bbox 833 2020 1007 2062; x_wconf 78' lang='lat' dir='ltr'><strong>varietas</strong></span> <span class='ocrx_word' id='word_1_226' title='bbox 1026 2034 1078 2062; x_wconf 78' lang='lat' dir='ltr'><strong>ex</strong></span> <span class='ocrx_word' id='word_1_227' title='bbox 1097 2021 1212 2063; x_wconf 85' lang='lat' dir='ltr'><strong>libris</strong></span> <span class='ocrx_word' id='word_1_228' title='bbox 1230 2023 1464 2066; x_wconf 81' lang='lat' dir='ltr'><strong>adnotatur.</strong></span> 
     </span>
    </p>
   </div>
   <div class='ocr_carea' id='block_1_13' title="bbox 138 2129 1313 2194">
    <p class='ocr_par' dir='ltr' id='par_1_14' title="bbox 138 2129 1313 2194">
     <span class='ocr_line' id='line_1_29' title="bbox 138 2129 1313 2194; baseline 0.003 -18"><span class='ocrx_word' id='word_1_229' title='bbox 138 2148 358 2194; x_wconf 69' lang='lat' dir='ltr'>Cap,X1,1x‚</span> <span class='ocrx_word' id='word_1_230' title='bbox 766 2130 801 2174; x_wconf 89' lang='lat' dir='ltr'>C</span> <span class='ocrx_word' id='word_1_231' title='bbox 829 2131 868 2175; x_wconf 88' lang='lat' dir='ltr'><strong>A</strong></span> <span class='ocrx_word' id='word_1_232' title='bbox 900 2134 930 2176; x_wconf 92' lang='lat' dir='ltr'>P</span> <span class='ocrx_word' id='word_1_233' title='bbox 961 2131 1004 2178; x_wconf 90' lang='lat' dir='ltr'>V</span> <span class='ocrx_word' id='word_1_234' title='bbox 1033 2132 1075 2178; x_wconf 89' lang='lat' dir='ltr'>T</span> <span class='ocrx_word' id='word_1_235' title='bbox 1130 2129 1313 2181; x_wconf 87' lang='lat' dir='ltr'>XLIX.</span> 
     </span>
    </p>
   </div>
   <div class='ocr_carea' id='block_1_14' title="bbox 160 2223 1709 2291">
    <p class='ocr_par' dir='ltr' id='par_1_15' title="bbox 160 2223 1709 2291">
     <span class='ocr_line' id='line_1_30' title="bbox 160 2223 1709 2291; baseline 0.004 -15"><span class='ocrx_word' id='word_1_236' title='bbox 160 2238 255 2276; x_wconf 76' lang='lat' dir='ltr'><strong>Vers.</strong></span> <span class='ocrx_word' id='word_1_237' title='bbox 279 2244 295 2275; x_wconf 76' lang='grc' dir='ltr'><strong><em>ι</em></strong></span> <span class='ocrx_word' id='word_1_238' title='bbox 311 2240 359 2287; x_wconf 88' lang='lat' dir='ltr'><strong>sq.</strong></span> <span class='ocrx_word' id='word_1_239' title='bbox 457 2233 572 2291; x_wconf 73' lang='lat' dir='ltr'><strong>Verfi</strong></span> <span class='ocrx_word' id='word_1_240' title='bbox 586 2247 621 2277; x_wconf 87' lang='lat'><strong>1.</strong></span> <span class='ocrx_word' id='word_1_241' title='bbox 642 2223 763 2281; x_wconf 52' lang='lat' dir='ltr'><strong>013&amp;oe</strong></span> <span class='ocrx_word' id='word_1_242' title='bbox 780 2233 850 2275; x_wconf 77' lang='grc' dir='ltr'><strong>τοῦ</strong></span> <span class='ocrx_word' id='word_1_243' title='bbox 869 2229 1103 2284; x_wconf 74' lang='grc' dir='ltr'><strong><em>Ἐπιγένους</em></strong></span> <span class='ocrx_word' id='word_1_244' title='bbox 1119 2234 1233 2280; x_wconf 69' lang='grc' dir='ltr'><em>τοθεε</em></span> <span class='ocrx_word' id='word_1_245' title='bbox 1253 2238 1345 2281; x_wconf 89' lang='lat' dir='ltr'><strong>edd.</strong></span> <span class='ocrx_word' id='word_1_246' title='bbox 1365 2251 1419 2281; x_wconf 84' lang='lat' dir='ltr'><strong>ex</strong></span> <span class='ocrx_word' id='word_1_247' title='bbox 1440 2235 1541 2282; x_wconf 82' lang='lat' dir='ltr'><strong>Bav.</strong></span> <span class='ocrx_word' id='word_1_248' title='bbox 1591 2233 1709 2287; x_wconf 73' lang='grc' dir='ltr'><strong><em>αὐτᾶς</em></strong></span> 
     </span>
    </p>
   </div>
   <div class='ocr_carea' id='block_1_15' title="bbox 181 2454 336 2501">
    <p class='ocr_par' dir='ltr' id='par_1_16' title="bbox 181 2454 336 2501">
     <span class='ocr_line' id='line_1_31' title="bbox 181 2454 336 2501; baseline -0.006 -8"><span class='ocrx_word' id='word_1_249' title='bbox 181 2454 277 2493; x_wconf 82' lang='lat' dir='ltr'><strong>Vers.</strong></span> <span class='ocrx_word' id='word_1_250' title='bbox 302 2468 336 2501; x_wconf 78' lang='lat'><strong>4.</strong></span> 
     </span>
    </p>
   </div>
   <div class='ocr_carea' id='block_1_16' title="bbox 353 2302 1710 3005">
    <p class='ocr_par' dir='ltr' id='par_1_17' title="bbox 363 2302 1710 2511">
     <span class='ocr_line' id='line_1_32' title="bbox 364 2302 1709 2367; baseline 0.005 -20"><span class='ocrx_word' id='word_1_251' title='bbox 364 2302 609 2356; x_wconf 70' lang='grc' dir='ltr'><strong><em>Ἐπιγένους,</em></strong></span> <span class='ocrx_word' id='word_1_252' title='bbox 640 2305 786 2360; x_wconf 77' lang='lat' dir='ltr'><strong>absque</strong></span> <span class='ocrx_word' id='word_1_253' title='bbox 805 2307 889 2354; x_wconf 80' lang='grc' dir='ltr'><strong>τοῦ,</strong></span> <span class='ocrx_word' id='word_1_254' title='bbox 919 2306 1016 2350; x_wconf 86' lang='lat' dir='ltr'><strong>Vat.</strong></span> <span class='ocrx_word' id='word_1_255' title='bbox 1037 2309 1148 2351; x_wconf 81' lang='lat' dir='ltr'><strong>Flor.</strong></span> <span class='ocrx_word' id='word_1_256' title='bbox 1170 2310 1278 2365; x_wconf 88' lang='lat' dir='ltr'>Aug.</span> <span class='ocrx_word' id='word_1_257' title='bbox 1299 2310 1403 2367; x_wconf 82' lang='lat' dir='ltr'><strong>Reg.</strong></span> <span class='ocrx_word' id='word_1_258' title='bbox 1419 2312 1468 2354; x_wconf 77' lang='lat' dir='ltr'><strong>A.</strong></span> <span class='ocrx_word' id='word_1_259' title='bbox 1487 2310 1557 2354; x_wconf 83' lang='lat' dir='ltr'><strong>sed</strong></span> <span class='ocrx_word' id='word_1_260' title='bbox 1575 2312 1620 2354; x_wconf 87' lang='lat' dir='ltr'><strong>in</strong></span> <span class='ocrx_word' id='word_1_261' title='bbox 1636 2325 1709 2354; x_wconf 84' lang='lat' dir='ltr'><strong>ora</strong></span> 
     </span>
     <span class='ocr_line' id='line_1_33' title="bbox 363 2369 1709 2439; baseline 0.004 -20"><span class='ocrx_word' id='word_1_262' title='bbox 363 2378 473 2421; x_wconf 78' lang='lat' dir='ltr'><strong>Flor.</strong></span> <span class='ocrx_word' id='word_1_263' title='bbox 497 2374 570 2434; x_wconf 53' lang='grc' dir='ltr'><strong>περ’.</strong></span> <span class='ocrx_word' id='word_1_264' title='bbox 591 2369 723 2427; x_wconf 61' lang='grc' dir='ltr'><strong><em>αὗθις.</em></strong></span> <span class='ocrx_word' id='word_1_265' title='bbox 784 2399 838 2414; x_wconf 66' lang='grc' dir='ltr'><strong>-κ-</strong></span> <span class='ocrx_word' id='word_1_266' title='bbox 903 2380 952 2423; x_wconf 92' lang='lat' dir='ltr'><em>V</em></span> <span class='ocrx_word' id='word_1_267' title='bbox 947 2378 1019 2436; x_wconf 67' lang='lat' dir='ltr'><strong>ers.</strong></span> <span class='ocrx_word' id='word_1_268' title='bbox 1040 2393 1079 2435; x_wconf 85' lang='lat'><strong>3.</strong></span> <span class='ocrx_word' id='word_1_269' title='bbox 1110 2378 1354 2437; x_wconf 68' lang='grc' dir='ltr'><strong>ἐξοργιιθεὶς.</strong></span> <span class='ocrx_word' id='word_1_270' title='bbox 1400 2378 1579 2439; x_wconf 66' lang='grc' dir='ltr'><strong>ὀργισθεὶς</strong></span> <span class='ocrx_word' id='word_1_271' title='bbox 1597 2384 1709 2439; x_wconf 69' lang='lat' dir='ltr'><strong>Aug.</strong></span> 
     </span>
     <span class='ocr_line' id='line_1_34' title="bbox 455 2448 1710 2511; baseline 0.003 -19"><span class='ocrx_word' id='word_1_272' title='bbox 455 2450 569 2506; x_wconf 72' lang='lat' dir='ltr'><strong>Verſs</strong></span> <span class='ocrx_word' id='word_1_273' title='bbox 594 2462 634 2505; x_wconf 86' lang='lat'><strong>4.</strong></span> <span class='ocrx_word' id='word_1_274' title='bbox 674 2448 794 2495; x_wconf 71' lang='grc' dir='ltr'><strong><em>αὑτδν</em></strong></span> <span class='ocrx_word' id='word_1_275' title='bbox 833 2455 980 2506; x_wconf 79' lang='grc' dir='ltr'><strong><em>ἐγκωμ.</em></strong></span> <span class='ocrx_word' id='word_1_276' title='bbox 1009 2453 1107 2496; x_wconf 90' lang='lat' dir='ltr'><strong>Bav.</strong></span> <span class='ocrx_word' id='word_1_277' title='bbox 1136 2455 1239 2510; x_wconf 78' lang='lat' dir='ltr'><strong>Reg.</strong></span> <span class='ocrx_word' id='word_1_278' title='bbox 1252 2455 1306 2497; x_wconf 82' lang='lat' dir='ltr'><strong>A.</strong></span> <span class='ocrx_word' id='word_1_279' title='bbox 1332 2456 1398 2498; x_wconf 75' lang='lat' dir='ltr'><strong>ed·</strong></span> <span class='ocrx_word' id='word_1_280' title='bbox 1417 2467 1460 2511; x_wconf 92' lang='lat'><strong>4.</strong></span> <span class='ocrx_word' id='word_1_281' title='bbox 1482 2466 1519 2510; x_wconf 85' lang='lat'><strong>5.</strong></span> <span class='ocrx_word' id='word_1_282' title='bbox 1586 2451 1710 2499; x_wconf 74' lang='grc' dir='ltr'><strong><em>αὐτὸν</em></strong></span> 
     </span>
    </p>

    <p class='ocr_par' dir='ltr' id='par_1_18' title="bbox 353 2521 1706 3005">
     <span class='ocr_line' id='line_1_35' title="bbox 363 2521 1706 2585; baseline 0.005 -21"><span class='ocrx_word' id='word_1_283' title='bbox 363 2523 428 2564; x_wconf 87' lang='lat' dir='ltr'><strong>ed.</strong></span> <span class='ocrx_word' id='word_1_284' title='bbox 444 2535 478 2564; x_wconf 90' lang='lat'><strong>1.</strong></span> <span class='ocrx_word' id='word_1_285' title='bbox 490 2534 528 2565; x_wconf 88' lang='lat'><strong>2.</strong></span> <span class='ocrx_word' id='word_1_286' title='bbox 543 2536 579 2576; x_wconf 87' lang='lat'><strong>3.</strong></span> <span class='ocrx_word' id='word_1_287' title='bbox 598 2525 712 2580; x_wconf 84' lang='lat' dir='ltr'><strong>Aug.</strong></span> <span class='ocrx_word' id='word_1_288' title='bbox 772 2547 830 2557; x_wconf 91' lang='lat'>—</span> <span class='ocrx_word' id='word_1_289' title='bbox 888 2526 993 2569; x_wconf 84' lang='lat' dir='ltr'><strong>Ibid.</strong></span> <span class='ocrx_word' id='word_1_290' title='bbox 1011 2521 1213 2580; x_wconf 78' lang='grc' dir='ltr'><em>οἷστὸχους</em></span> <span class='ocrx_word' id='word_1_291' title='bbox 1234 2526 1276 2568; x_wconf 82' lang='grc' dir='ltr'><strong>δὲ</strong></span> <span class='ocrx_word' id='word_1_292' title='bbox 1295 2527 1392 2571; x_wconf 83' lang='lat' dir='ltr'><strong>Bav.</strong></span> <span class='ocrx_word' id='word_1_293' title='bbox 1411 2528 1523 2572; x_wconf 85' lang='lat' dir='ltr'><strong>Flor.</strong></span> <span class='ocrx_word' id='word_1_294' title='bbox 1541 2537 1646 2585; x_wconf 84' lang='lat' dir='ltr'><strong>puto</strong></span> <span class='ocrx_word' id='word_1_295' title='bbox 1662 2528 1706 2571; x_wconf 68' lang='grc' dir='ltr'><strong>ὅ(</strong></span> 
     </span>
     <span class='ocr_line' id='line_1_36' title="bbox 362 2591 1703 2654; baseline 0.004 -17"><span class='ocrx_word' id='word_1_296' title='bbox 362 2591 459 2637; x_wconf 84' lang='lat' dir='ltr'><strong>Vat.</strong></span> <span class='ocrx_word' id='word_1_297' title='bbox 519 2591 706 2649; x_wconf 64' lang='grc' dir='ltr'>ἀστόχως</span> <span class='ocrx_word' id='word_1_298' title='bbox 726 2597 767 2639; x_wconf 74' lang='grc' dir='ltr'><strong>δὲ</strong></span> <span class='ocrx_word' id='word_1_299' title='bbox 786 2598 895 2654; x_wconf 85' lang='lat' dir='ltr'><strong>Aug.</strong></span> <span class='ocrx_word' id='word_1_300' title='bbox 913 2598 956 2641; x_wconf 67' lang='grc' dir='ltr'><strong>ὅ(</strong></span> <span class='ocrx_word' id='word_1_301' title='bbox 979 2598 1150 2653; x_wconf 68' lang='lat' dir='ltr'><strong>Reg.A.</strong></span> <span class='ocrx_word' id='word_1_302' title='bbox 1176 2599 1241 2641; x_wconf 90' lang='lat' dir='ltr'><strong>sed</strong></span> <span class='ocrx_word' id='word_1_303' title='bbox 1267 2601 1309 2642; x_wconf 85' lang='lat' dir='ltr'><strong>in</strong></span> <span class='ocrx_word' id='word_1_304' title='bbox 1337 2600 1420 2643; x_wconf 86' lang='lat' dir='ltr'><strong>hoc</strong></span> <span class='ocrx_word' id='word_1_305' title='bbox 1449 2614 1548 2644; x_wconf 78' lang='lat' dir='ltr'><strong>mox</strong></span> <span class='ocrx_word' id='word_1_306' title='bbox 1577 2609 1703 2645; x_wconf 83' lang='lat' dir='ltr'><strong>muta-</strong></span> 
     </span>
     <span class='ocr_line' id='line_1_37' title="bbox 360 2664 1703 2724; baseline 0.007 -16"><span class='ocrx_word' id='word_1_307' title='bbox 360 2671 452 2709; x_wconf 88' lang='lat' dir='ltr'><strong>tum</strong></span> <span class='ocrx_word' id='word_1_308' title='bbox 473 2667 516 2709; x_wconf 89' lang='lat' dir='ltr'><strong>in</strong></span> <span class='ocrx_word' id='word_1_309' title='bbox 540 2664 742 2722; x_wconf 68' lang='grc' dir='ltr'><strong>ἀστόχους</strong></span> <span class='ocrx_word' id='word_1_310' title='bbox 763 2668 816 2711; x_wconf 79' lang='grc' dir='ltr'><strong>δέ.</strong></span> <span class='ocrx_word' id='word_1_311' title='bbox 879 2666 1081 2724; x_wconf 69' lang='grc' dir='ltr'><em>οἷο-τόκους</em></span> <span class='ocrx_word' id='word_1_312' title='bbox 1107 2687 1153 2712; x_wconf 82' lang='grc' dir='ltr'><strong>τε</strong></span> <span class='ocrx_word' id='word_1_313' title='bbox 1182 2673 1273 2714; x_wconf 84' lang='lat' dir='ltr'><strong>edd.</strong></span> <span class='ocrx_word' id='word_1_314' title='bbox 1299 2672 1443 2715; x_wconf 86' lang='lat' dir='ltr'><strong>invitis</strong></span> <span class='ocrx_word' id='word_1_315' title='bbox 1468 2674 1624 2718; x_wconf 70' lang='lat' dir='ltr'><strong>mestis.</strong></span> <span class='ocrx_word' id='word_1_316' title='bbox 1650 2697 1703 2708; x_wconf 96' lang='lat'>—</span> 
     </span>
     <span class='ocr_line' id='line_1_38' title="bbox 359 2736 1706 2797; baseline 0.007 -19"><span class='ocrx_word' id='word_1_317' title='bbox 359 2736 469 2779; x_wconf 82' lang='lat' dir='ltr'><strong>Ibid.</strong></span> <span class='ocrx_word' id='word_1_318' title='bbox 495 2739 588 2782; x_wconf 89' lang='lat' dir='ltr'><strong>Post</strong></span> <span class='ocrx_word' id='word_1_319' title='bbox 608 2737 663 2795; x_wconf 74' lang='grc' dir='ltr'><em>μή</em></span> <span class='ocrx_word' id='word_1_320' title='bbox 684 2742 858 2797; x_wconf 60' lang='grc' dir='ltr'><strong>παριδεῖν</strong></span> <span class='ocrx_word' id='word_1_321' title='bbox 880 2736 1001 2791; x_wconf 64' lang='grc' dir='ltr'><em>οὕτως</em></span> <span class='ocrx_word' id='word_1_322' title='bbox 1021 2738 1175 2793; x_wconf 76' lang='grc' dir='ltr'><em>οἷλόγως</em></span> <span class='ocrx_word' id='word_1_323' title='bbox 1202 2743 1336 2786; x_wconf 83' lang='lat' dir='ltr'><strong>deess&#39;e</strong></span> <span class='ocrx_word' id='word_1_324' title='bbox 1359 2745 1531 2788; x_wconf 80' lang='lat' dir='ltr'><strong>verbum</strong></span> <span class='ocrx_word' id='word_1_325' title='bbox 1549 2741 1706 2788; x_wconf 60' lang='lat' dir='ltr'><strong>immi·</strong></span> 
     </span>
     <span class='ocr_line' id='line_1_39' title="bbox 358 2811 1703 2874; baseline 0.006 -23"><span class='ocrx_word' id='word_1_326' title='bbox 358 2825 478 2861; x_wconf 76' lang='grc' dir='ltr'><em>μενος</em></span> <span class='ocrx_word' id='word_1_327' title='bbox 495 2819 566 2854; x_wconf 87' lang='lat' dir='ltr'><strong>aut</strong></span> <span class='ocrx_word' id='word_1_328' title='bbox 583 2811 983 2868; x_wconf 77' lang='grc' dir='ltr'><strong>παρασπονδούμενος</strong></span> <span class='ocrx_word' id='word_1_329' title='bbox 1005 2825 1075 2858; x_wconf 81' lang='lat' dir='ltr'><strong>aut</strong></span> <span class='ocrx_word' id='word_1_330' title='bbox 1097 2817 1263 2872; x_wconf 84' lang='lat' dir='ltr'>aliquod</span> <span class='ocrx_word' id='word_1_331' title='bbox 1283 2817 1411 2860; x_wconf 86' lang='lat' dir='ltr'><strong>fimile</strong></span> <span class='ocrx_word' id='word_1_332' title='bbox 1426 2819 1590 2874; x_wconf 79' lang='lat' dir='ltr'><strong>putavit</strong></span> <span class='ocrx_word' id='word_1_333' title='bbox 1599 2818 1703 2860; x_wconf 75' lang='lat' dir='ltr'><strong>Reis-</strong></span> 
     </span>
     <span class='ocr_line' id='line_1_40' title="bbox 353 2880 1703 2947; baseline 0.006 -24"><span class='ocrx_word' id='word_1_334' title='bbox 353 2880 464 2924; x_wconf 79' lang='lat' dir='ltr'><strong>kius.</strong></span> <span class='ocrx_word' id='word_1_335' title='bbox 504 2883 586 2926; x_wconf 89' lang='lat' dir='ltr'><strong>Sed</strong></span> <span class='ocrx_word' id='word_1_336' title='bbox 607 2885 783 2942; x_wconf 79' lang='lat' dir='ltr'><strong>intelligi</strong></span> <span class='ocrx_word' id='word_1_337' title='bbox 804 2890 960 2943; x_wconf 83' lang='lat' dir='ltr'><strong>poterit</strong></span> <span class='ocrx_word' id='word_1_338' title='bbox 981 2885 1054 2937; x_wconf 69' lang='grc' dir='ltr'><strong>τοὶς</strong></span> <span class='ocrx_word' id='word_1_339' title='bbox 1074 2889 1167 2945; x_wconf 77' lang='grc' dir='ltr'><strong>περὶ</strong></span> <span class='ocrx_word' id='word_1_340' title='bbox 1189 2886 1335 2945; x_wconf 77' lang='grc' dir='ltr'><em>Κοίλης</em></span> <span class='ocrx_word' id='word_1_341' title='bbox 1357 2889 1507 2947; x_wconf 72' lang='grc' dir='ltr'><strong>Συρίοις</strong></span> <span class='ocrx_word' id='word_1_342' title='bbox 1529 2887 1703 2937; x_wconf 70' lang='grc' dir='ltr'><strong>ἐλπίδας.</strong></span> 
     </span>
     <span class='ocr_line' id='line_1_41' title="bbox 1584 2962 1699 3005; baseline -0.026 0"><span class='ocrx_word' id='word_1_343' title='bbox 1584 2962 1699 3005; x_wconf 54' lang='lat' dir='ltr'><em>Vct-s:</em></span> 
     </span>
    </p>
   </div>
   <div class='ocr_carea' id='block_1_17' title="bbox 1773 1771 1797 2133">
    <p class='ocr_par' dir='ltr' id='par_1_19' title="bbox 1773 1771 1797 2133">
     <span class='ocr_line' id='line_1_42' title="bbox 1773 1771 1797 2133; textangle 90"><span class='ocrx_word' id='word_1_344' title='bbox 1773 1867 1797 2133; x_wconf 43' lang='lat' dir='ltr'><strong>essffaemae&#39;us—aessn·</strong></span> <span class='ocrx_word' id='word_1_345' title='bbox 1786 1839 1788 1846; x_wconf 94' lang='lat'><em>-</em></span> <span class='ocrx_word' id='word_1_346' title='bbox 1781 1815 1783 1817; x_wconf 82' lang='lat'>·</span> <span class='ocrx_word' id='word_1_347' title='bbox 1778 1771 1795 1795; x_wconf 52' lang='lat'><strong>2?</strong></span> 
     </span>
    </p>
   </div>
   <div class='ocr_carea' id='block_1_18' title="bbox 1801 1239 1806 3262">
    <p class='ocr_par' dir='ltr' id='par_1_20' title="bbox 1801 1239 1806 3262">
     <span class='ocr_line' id='line_1_43' title="bbox 1801 1239 1806 3262; baseline 0 0"><span class='ocrx_word' id='word_1_348' title='bbox 1801 1239 1806 3262; x_wconf 95' lang='lat' dir='ltr'><strong> </strong></span> 
     </span>
    </p>
   </div>
  </div>
 </body>
</html>
